3194 5196
621 985 697 1055 499.

6 1203 7 1212 ’
86 1193 118 1262 Δ
146 1187 385 1282 paoaoahalmi
421 1187 616 1254 kocoentaclc
649 1182 917 1270 btmpccpooela
947 1180 1054 1266 Iloua,
1088 1177 1217 1248 Maelio

325 1319 426 1364 coma
440 1295 570 1382 oeje'celc
586 1290 861 1379 oeprmdelatrcl.
883 1291 980 1356 1298.

198 1494 267 1562 Nos
284 1491 469 1562 Hermanus
490 1487 612 1556 Dinina
627 1485 840 1555 miseracione
855 1483 968 1554 hbbas
985 1488 1018 1554 ct
1033 1480 1219 1574 Conuentus

88 1600 277 1686 llonasterij
308 1598 359 1666 de'
380 1597 501 1666 Sancto
532 1594 672 1665 Martiuo
703 1593 745 1660 de
775 1595 876 1662 Sacro
909 1593 1021 1662 Monte
1051 1591 1220 1660 Pannonio

89 1708 240 1781 omnihus
271 1705 392 1776 Christi
423 1703 574 1774 fidelibus
606 1709 791 1791 presentem
826 1699 983 1789 paginam
1023 1700 1221 1789 inspecturis

88 1811 231 1886 salutem
258 1814 294 1881 in
326 1814 471 1882 omnium
513 1811 687 1879 saluatorc.
718 1808 770 1876 ad
802 1809 1026 1878 uniuersorum
1066 1809 1222 1878 noticiam

6 1927 10 1935 '
90 1924 207 1992 barum
237 1919 324 1990 serie
354 1917 505 1988 volumus
534 1916 716 2005 peruenire,
748 1916 835 2000 quod
851 1914 968 1984 Comes
982 1916 1122 2003 Machya
1137 1917 1223 1984 filius

89 2031 193 2100 hlher
209 2029 249 2097 dc
264 2027 354 2096 Ohou
370 2024 502 2114 iobagio
517 2025 696 2094 Comitatus
711 2023 821 2092 Ferret
837 2023 944 2092 castri
976 2043 1033 2110 pro
1049 2043 1085 2092 se
1102 2029 1134 2092 et
1165 2043 1222 2110 pro

90 2137 226 2206 domina
249 2134 355 2205 hiena
370 2154 470 2203 uxore
485 2151 555 2221 sna,
571 2134 638 2201 tilia
653 2132 805 2202 videlicet
819 2131 980 2218 Dyonisij,
997 2152 1108 2202 coram
1123 2133 1217 2216 nohis

90 2243 308 2335 personaliter
341 2242 561 2322 constitutns;
595 2241 687 2308 ouius
726 2237 855 2324 quidem
888 2240 1018 2308 dominc
1049 2247 1159 2309 uotum
1191 2247 1223 2309 et

6 2351 8 2358 ’
93 2353 295 2422 voluntatem
326 2350 359 2418 in
391 2351 453 2420 hac
483 2358 585 2437 parte,
619 2349 695 2432 quia
710 2348 784 2434 ipsa
808 2347 939 2415 doctina
955 2354 1088 2435 propter
1103 2349 1226 2416 intesti-

93 2481 174 2530 nam
192 2458 336 2548 inpacati
352 2458 459 2544 Regni
476 2459 757 2545 perturbacionem
774 2466 807 2526 ct
822 2457 946 2526 marum
979 2458 1167 2526 discrimina
1184 2459 1227 2525 ad

6 2587 8 2618 ³
95 2587 160 2638 nos
190 2563 405 2654 personaliter
434 2564 590 2634 accedere
621 2585 687 2632 non
719 2566 836 2652 potuit,
856 2565 889 2632 in
905 2565 1023 2636 litteris
1039 2564 1152 2634 fratris
1168 2567 1229 2632 La-

96 2675 199 2745 dialai
215 2675 335 2744 Prioris
352 2680 385 2743 et
401 2671 587 2742 conuentus
603 2673 752 2740 Fratrum
779 2673 1022 2742 Predieatorum
1053 2675 1094 2742 dc
1126 2675 1229 2740 Domo

8 2811 9 2820 ¹
96 2783 222 2868 Ferrey
252 2779 359 2852 Gastri
391 2788 423 2848 et
454 2779 653 2865 quorundam
674 2780 876 2848 sacerdotum
908 2780 949 2848 de
966 2779 1109 2867 Dyooosi
1124 2780 1229 2848 lauri-

96 2890 170 2961 cnsi
186 2890 220 2956 in
235 2888 455 2958 testimonium
472 2896 743 2976 conwocatorum,
764 2909 900 2972 quorum
931 2889 1065 2956 nomina
1095 2886 1230 2958 inferius

16 3071 19 3076 ,
96 2997 329 3084 exprimentur,
359 2996 445 3065 idem
477 2995 592 3063 Comes
623 2996 765 3083 Macbya
796 2998 891 3065 nobis
921 2996 1076 3084 exhibuit,
1110 2996 1229 3082 ipscet

99 3107 237 3175 domina
251 3123 384 3173 consors
400 3103 471 3170 eius
486 3101 634 3188 predicta
649 3102 803 3172 heredum
818 3109 968 3174 carentes
999 3103 1122 3173 solacio
1153 3110 1231 3170 tcm-

98 3212 265 3304 poralium
296 3232 338 3282 ex
354 3211 470 3281 intimo
495 3211 623 3280 feruore
640 3211 826 3282 deuocionis
843 3214 971 3303 affectu,
988 3213 1232 3284 considerantes

91 3321 402 3406 ¹remuneracionem
420 3326 533 3389 eterne
549 3323 615 3389 vite
631 3322 805 3408 sapienter,
824 3322 996 3390 salubriter
1026 3323 1129 3392 eciam
1160 3342 1232 3409 pro·

99 3429 171 3499 uidi
201 3436 234 3498 et
248 3427 355 3498 edocti
386 3435 599 3514 procurantes
614 3429 800 3497 transitoria
817 3435 1000 3514 permutare
1016 3451 1089 3498 eum
1105 3431 1233 3516 eternis,

100 3535 287 3606 Ecclesiam
303 3536 396 3604 Beati
421 3534 590 3605 Michaelis
621 3535 816 3621 Archangeli
848 3537 889 3605 de
920 3538 1035 3607 Castro
1066 3539 1184 3606 Ferrco
1201 3537 1234 3604 iu

99 3645 174 3714 uita
209 3652 242 3713 ct
270 3645 304 3713 iu
319 3650 423 3712 morto
454 3643 516 3713 sibi
548 3644 745 3731 adoptarunt
759 3645 793 3711 in
809 3655 987 3730 patronam,
1003 3645 1036 3714 in
1052 3645 1236 3742 violacion-

105 3753 183 3821 dem
208 3752 327 3820 Sancte
345 3737 501 3821 ‘Ecclesie
533 3771 634 3836 usque
664 3752 876 3821 nouissimam
907 3756 1020 3823 tubam
1052 3753 1237 3843 corporibus

10 3851 11 3854 '
100 3879 218 3930 corum
249 3860 448 3946 sepulturam
480 3880 538 3928 scu
569 3860 770 3930 mansionem
802 3862 967 3946 eligendo.
985 3863 1028 3929 let
1045 3867 1079 3929 ut
1094 3860 1237 3948 ipsorum

11 4003 12 4010 κ
102 3965 262 4036 memoria
293 3987 352 4054 per
384 3967 544 4052 prefatam
576 3968 732 4036 Sanctam
766 3969 947 4038 Ecclesiam
981 3967 1190 4037 laudabiliter
1206 3973 1239 4034 ct

105 4073 282 4145 salubriter
312 4075 347 4141 in
387 4083 576 4163 perpetuum
617 4075 867 4164 commendetur,
908 4077 1094 4146 antedictus
1126 4078 1239 4144 Comes

106 4184 250 4273 llachya
283 4183 365 4252 duas
411 4186 635 4272 possessiones
680 4203 766 4272 suas,
798 4184 951 4254 videlieet
985 4206 1082 4255 anam
1110 4184 1241 4256 Korkou

107 4298 269 4378 uocatam,
302 4295 390 4358 eirca
420 4294 661 4379 possessionem
693 4291 828 4380 Olozka,
855 4314 953 4379 quam
970 4314 991 4363 a
1007 4293 1124 4378 Regali
1140 4295 1241 4362 muni·
1354 4319 1361 4330 ·«

106 4400 241 4468 licencia
272 4399 458 4489 acquisiuit,
483 4409 515 4468 et
548 4402 647 4470 aliam
679 4409 797 4472 terram
829 4402 1089 4473 luankaleldew
1120 4421 1242 4470 nuncu·
1309 4409 1311 4411 ’

73 4535 78 4542 ·
107 4513 231 4596 palam.
264 4509 347 4576 Item
363 4509 528 4578 antedicta
553 4511 684 4580 domina
701 4531 832 4582 consors
850 4513 922 4584 eius
936 4519 1037 4584 totam
1055 4511 1242 4598 porcionem

106 4636 213 4706 suam,
231 4633 332 4704 quam
349 4617 382 4688 iu
400 4617 514 4691 eadem
531 4617 656 4690 Oloaka
673 4621 788 4712 habuit
808 4629 839 4693 ct
871 4620 1024 4710 possedit,
1056 4627 1122 4689 tam
1154 4619 1242 4694 sirle-

66 4740 70 4748 ’
730 4731 731 4734 ’
1070 4730 1135 4804 40*,
