3160 5200
823 283 984 384 joe*

204 527 208 542 .
232 435 236 444 Ι
340 476 437 549 adici
453 479 507 548 uel
531 478 661 550 adnecti
676 498 735 565 pro
751 477 920 548 soliditate
937 478 1039 566 ipsius
1063 479 1249 548 necessario
1281 478 1464 546 debuisset:

340 587 478 656 eandem
494 587 733 674 possessionem
757 587 843 656 'liba
873 593 1094 674 nuncupatam
1124 607 1237 655 rursus
1271 587 1466 656 reambulari

340 695 474 764 fecimus
491 697 551 763 sub
569 694 754 762 testimonio
780 693 922 780 Capituli
952 695 1134 783 Agriensis,
1165 695 1290 763 voeatis
1322 695 1466 762 omnibus

339 800 566 873 commetaneis
583 806 615 869 et
630 800 759 888 vicinis,
790 805 822 868 et
837 799 1030 869 auctoritate
1046 808 1161 869 nostre
1179 801 1315 887 prefatis
1348 801 1465 868 nobil·

248 951 249 956 ,
338 911 398 979 bus
414 910 584 996 assignare
599 907 692 978 nullo
707 908 944 977 contradictore
973 911 1104 996 penitus
1134 914 1332 994 apparente;
1356 909 1466 976 volen-

338 1022 398 1098 tes,
429 1023 463 1084 vt
479 1015 640 1104 presentis
655 1015 766 1101 scripti
782 1014 963 1102 patrocinio
979 1016 1094 1084 titulus
1109 1016 1285 1103 empcionis
1302 1015 1462 1102 premisse

338 1126 436 1193 robur
452 1123 599 1210 optineat
616 1129 771 1208 perpetue
787 1123 958 1210 firmitatis,
972 1129 1147 1208 nostreque
1161 1123 1266 1207 Regia
1282 1121 1373 1207 prius
1388 1123 1463 1192 sub·

336 1236 491 1314 mouetur
507 1229 645 1298 donacio
662 1236 817 1313 tauquam
835 1231 980 1300 eiusdem
996 1230 1044 1297 rei
1059 1227 1291 1317 consolidacio,
1314 1249 1357 1296 ex
1388 1229 1463 1317 dup-

337 1339 415 1426 plici
427 1337 512 1424 juris
527 1337 669 1406 funiculo
686 1345 841 1426 perpetuo
857 1338 1009 1408 valitura.
1043 1339 1086 1406 Vt
1102 1340 1200 1424 igitur
1215 1337 1308 1406 nulia
1321 1338 1461 1426 inposte-

335 1467 405 1515 rum
422 1445 533 1514 veleat
547 1445 719 1515 cuiuslibet
734 1446 983 1533 inpugnacionis
999 1447 1186 1531 excogitate
1209 1444 1343 1514 malicia
1362 1453 1459 1514 retra·

335 1555 427 1642 otari,
444 1553 534 1620 nulla
551 1572 659 1622 rerum
684 1554 827 1622 varietm
859 1553 1002 1622 eiusdem
1033 1553 1080 1620 rei
1110 1552 1228 1621 seriem
1259 1554 1459 1639 perturbare,

334 1663 519 1732 memoratis
536 1663 702 1731 nobilibus
719 1667 751 1731 et
776 1662 845 1732 suis
875 1660 1051 1732 heredibus
1083 1662 1301 1748 heredumque
1332 1682 1459 1730 suorum

334 1771 574 1838 successoribus
590 1769 624 1836 in
641 1775 830 1856 perpetuam
846 1769 1030 1838 firmitatem
1050 1773 1219 1857 presentes
1234 1768 1363 1836 litteras
1391 1790 1460 1838 con·

334 1878 488 1946 cessimus
505 1876 648 1964 duplicis
664 1878 767 1964 sigilli
783 1878 884 1945 nostri
911 1877 1086 1945 munimine
1117 1877 1297 1945 roboratas.
1337 1877 1458 1944 Datum

333 2002 392 2070 per
407 2004 521 2052 munus
537 1983 730 2053 venerabilis
750 1985 809 2052 viri
825 1984 975 2069 Magistri
992 1983 1168 2070 Theodory
1183 1982 1340 2052 Albensis
1351 1985 1456 2052 Eccle-

238 2164 244 2180 ,
332 2093 380 2158 sie
397 2092 566 2178 Prcpositi,
593 2092 668 2160 aule
690 2099 800 2162 nostre
831 2093 1107 2181 ViceOanoellerij
1140 2091 1250 2160 dilecti
1281 2099 1316 2158 ct
1345 2092 1452 2160 fidelis

246 2189 250 2197 ’
332 2200 434 2265 nostri
456 2219 542 2268 enno
572 2198 703 2268 Domini
735 2202 855 2270 ΜΟο
888 2203 1096 2287 nonagesimo
1126 2199 1242 2285 primo,
1273 2197 1456 2267 indiccione

331 2310 457 2394 quartu,
473 2306 610 2394 septimo
626 2309 786 2377 kalendas
796 2307 1007 2396 Septembris,
1021 2310 1125 2395 Regni
1137 2315 1246 2378 eutem
1257 2306 1361 2375 nostri
1371 2311 1456 2377 auno
1547 2301 1553 2314 “

329 2413 480 2484 seeundo.

330 2610 382 2669 (As
402 2611 462 2676 egri
480 2611 673 2678 heptalannalr
695 2617 771 2664 1373.
803 2614 849 2664 >in
868 2614 940 2666 festo
959 2615 1154 2679 preciosissimi
1174 2613 1306 2680 (torporis
1329 2613 1452 2665 christi«

326 2698 349 2746 1.
368 2697 452 2762 Lajos
470 2699 622 2764 kirtlynelr
654 2705 730 2752 1373.
761 2703 880 2754 »Datum
908 2704 939 2754 in
967 2702 1119 2769 Gyosgewr
1148 2703 1193 2754 die
1225 2703 1369 2754 dominici)
1388 2717 1452 2766 pro·
1551 2747 1565 2787 .'

327 2787 403 2838 ximo
421 2793 484 2853 post
502 2789 701 2842 decensionem
720 2791 850 2842 Domini«
870 2793 930 2843 lrelt
949 2786 1169 2858 megkeresisire
1189 2807 1206 2843 a
1225 2791 1388 2844 »Nobinnm
1419 2791 1451 2841 de
1564 2843 1565 2854 ,

317 2877 497 2951 ¹liopmiluele
528 2880 655 2933 carimeris
679 2881 791 2935 lsiedott
822 2881 996 2947 dtiratulb613
1029 2897 1046 2934 a
1075 2881 1163 2936 budai
1189 2882 1296 2948 kirdlyi
1326 2880 1452 2933 kammi

790 2971 984 3036 reverterim.)
