3194 5196
842 275 1004 392 ...iii-

361 485 623 558 sondrmsnimns
638 505 712 554 enm
727 483 850 572 lunone,
864 467 1060 556 auemrltute
1068 482 1228 571 presentis
1237 478 1351 570 seripti
1358 467 1473 562 duppli-

359 595 407 664 uis
423 595 523 680 sigilli
536 591 639 664 nostri
654 593 830 662 munimine
844 597 1036 665 roborantes
1054 591 1289 678 inperpetuum
1299 589 1474 658 valiturum.
1579 639 1582 674 ,

356 703 403 770 -Et
419 705 498 790 quin
514 725 554 772 ex
569 702 692 774 eisdem
707 704 805 772 terris
819 721 879 774 seu
902 701 1161 790 possessionibus
1184 698 1326 786 quodum
1350 695 1395 766 sd
1420 696 1474 764 eol·
1580 679 1582 710 ‘

359 808 520 879 lusionem
535 810 683 899 Regium,
714 807 855 895 quedem
869 829 946 880 uero
961 807 1006 878 sd
1020 811 1093 878 iure
1118 806 1296 893 Reginslie
1326 803 1476 892 pertinere
1578 817 1582 906 5

360 913 581 1003 diuosountur,
607 919 886 1004 permuteoionem
910 939 970 986 serr
986 923 1187 986 oontruotnm
1204 911 1477 984 huiusmodiiuter
1579 909 1582 990 Ξ

358 1029 468 1111 perles
483 1024 598 1090 fenore
613 1019 764 1090 beniuolo
779 1023 851 1090 lieri
867 1023 1094 1112 permisimus·
1113 1028 1147 1090 et
1160 1021 1284 1090 eisdem
1310 1020 1354 1086 ud
1378 1017 1412 1084 id
1439 1018 1475 1084 ei
1580 1019 1582 1060 ³

360 1151 519 1199 eonsensu
534 1130 738 1199 Prelutorum
755 1136 787 1200 et
802 1132 944 1199 omnium
960 1132 1122 1200 Beronum
1138 1137 1323 1200 nostrorum
1333 1125 1475 1195 ueilohi·
1580 1193 1582 1200 ,

358 1237 437 1308 lium
454 1239 559 1324 Regni
574 1238 677 1306 nostri
691 1257 884 1308 eonsensum
900 1239 1085 1324 prebuimus
1101 1259 1160 1325 per
1174 1237 1285 1306 omniu
1297 1235 1474 1316 liberslem3
1580 1235 1582 1308 i

358 1346 576 1429 relinquentes
593 1346 724 1414 easdem
739 1351 844 1415 terres
860 1345 997 1431 Regules
1013 1354 1046 1414 et
1060 1346 1238 1430 Reginsles
1268 1343 1333 1429 ipsi
1365 1342 1474 1410 domiti
1580 1343 1582 1400 l

357 1451 438 1538 Abs,
454 1459 486 1520 et
503 1467 560 1540 per
576 1475 647 1522 eum
664 1454 731 1522 suis
747 1454 920 1522 heredibus
936 1453 1153 1540 heredumque
1167 1471 1298 1524 suornm
1313 1469 1472 1518 sueoessu

358 1559 446 1628 ribus
463 1560 533 1628 iure
558 1569 715 1649 perpetuo
740 1569 773 1628 et
804 1561 1067 1630 inreuoeabiliter
1097 1557 1324 1646 possidendus.
1366 1559 1476 1625 Dutum

357 1687 417 1753 per
432 1685 547 1734 manus
562 1665 693 1744 disereti
722 1667 783 1734 viri
808 1667 960 1751 Magistri
990 1666 1149 1753 Stephani
1178 1665 1420 1751 Arehidyunoni
1441 1662 1477 1730 de
1578 1679 1582 1772 5

357 1777 443 1843 Alba
456 1774 533 1842 Jule
547 1775 624 1842 aule
639 1783 748 1843 nostre
765 1775 1040 1861 VioeCenoellsrij
1057 1774 1167 1843 dileeti
1184 1780 1217 1842 et
1232 1773 1338 1842 tidelis
1365 1773 1477 1852 nostri;
1574 1777 1582 1862 5

357 1902 443 1950 enno
458 1883 589 1950 Domini
603 1882 775 1951 millesimo
792 1882 1025 1966 trecentesimo,
1055 1884 1167 1968 quinto
1193 1882 1359 1952 kalendas
1390 1879 1477 1949 Oete·
1580 1957 1582 1990 ἶ

356 1990 435 2075 bris,
452 1989 557 2074 Regni
572 1997 681 2058 sutem
705 1990 806 2058 nostri
821 2011 906 2058 suno
922 1988 1101 2060 undecimo.

357 2183 499 2251 (Eredetis
529 2185 716 2252 bether-tyto,
748 2187 880 2253 melynelr
909 2189 1094 2239 hema-vhrds
1112 2187 1352 2254 selyemrrsinoron
1372 2188 1477 2255 ligghtt
1580 2179 1582 2276 ζ

482 2277 604 2342 peosetje
623 2277 775 2343 elveszett3
800 2292 817 2328 s
836 2279 922 2330 budei
940 2278 993 2330 kir.
1012 2279 1140 2330 ksmsrui
1159 2277 1360 2342 levilttrbsn.)
1577 2281 1582 2296 ⁴

782 2557 1045 2573 m

882 2987 959 3060 519.

342 3189 420 3258 ΙΙΙΙ.
437 3190 550 3256 Esurire
565 3189 748 3275 leinrtlyuule
762 3189 916 3256 Doruooh
931 3191 1085 3277 euprepes
1110 3193 1275 3278 turpyaso
1296 3193 1477 3280 odemn'npa
1580 3240 1582 3247 -

535 3297 627 3364 Peter
640 3307 753 3364 mester
768 3297 888 3384 stikely
903 3301 1002 3384 iepdu
1015 3303 1175 3365 ramere
1199 3297 1300 3364 1230.

455 3490 607 3560 Andreas
621 3492 685 3560 Dei
696 3492 997 3578 grueiuHungurie,
1013 3492 1195 3580 Dulmeeie,
1207 3495 1476 3585 Cretensem,

354 3600 479 3689 Seruio,
495 3598 645 3685 Gellioie,
660 3600 860 3688 hodomerie,
881 3599 1038 3670 (lumenie
1052 3601 1273 3686 Bulgnrieque
1287 3603 1361 3674 Rex
1375 3605 1474 3674 omni·

353 3708 416 3777 bus
431 3707 552 3774 Christi
567 3705 715 3776 fidelibus
730 3713 912 3794 presentem
927 3709 1083 3795 paginam
1113 3710 1306 3798 inspeetmis
1338 3713 1477 3781 sulutem
1549 3769 1554 3780 .

352 3816 387 3882 iu
402 3814 541 3882 Domino
556 3815 797 3900 sempiternum.
814 3817 915 3900 Regio
931 3816 1143 3888 sublimitatis
1158 3818 1353 3890 inmensites
1365 3839 1478 3888 omnes

351 3943 416 4008 eos,
446 3921 501 4006 qni
531 3921 595 3988 sibi
624 3923 818 4010 impendunt
846 3923 959 3992 fideles
981 3923 1167 4014 tumulatus,
1185 3926 1477 4014 debetsttendere,

351 4030 457 4116 ereis,
475 4031 609 4113 quinon
636 4037 764 4099 tantum
795 4031 846 4100 sui
875 4033 998 4100 erueris
1030 4032 1197 4123 effusione,
1229 4053 1342 4102 nerum
1374 4036 1478 4104 eoiem

208 4171 214 4180 ·
329 4144 452 4203 morte
483 4138 645 4223 corporali
662 4139 801 4209 Domino
817 4160 876 4209 suo
893 4141 1035 4210 naturali
1058 4140 1193 4227 obsequi
1212 4161 1278 4210 non
1293 4142 1478 4212 formident

333 4243 490 4312 Proinde
521 4243 567 4313 sd
595 4245 819 4316 uniuersorum
850 4248 1006 4317 notioium
1037 4248 1151 4324 hurum
1181 4250 1267 4318 serie
1296 4251 1480 4320 litterarum

349 4353 499 4422 nolumus
532 4357 713 4441 peruenire,
746 4355 831 4440 qued
873 4355 1032 4440 Magister
1069 4357 1187 4425 Petrus
1227 4356 1325 4426 filins
1345 4357 1479 4427 conius

348 4459 507 4545 Stephani
522 4461 638 4530 Comes
653 4463 847 4551 Syeulorum
862 4471 1046 4532 nostrornm
1062 4464 1103 4531 de
1119 4483 1238 4549 genere
1252 4466 1323 4532 Ber
1337 4465 1478 4535 dileetus

350 4572 383 4636 et
398 4565 505 4638 idelis
522 4575 630 4638 noster
646 4569 690 4638 od
706 4577 847 4644 nostrum
865 4572 1024 4652 eonedens
1039 4571 1256 4660 personaliter
1270 4573 1477 4650 Prusensium
