3162 5200
885 371 1046 477 „su-4-

398 567 611 657 obiepiseopi,
641 573 675 638 et
689 567 813 636 domini
843 565 959 638 Jsoobi
987 567 1126 656 'l'oupoli
1157 568 1292 654 egregi]
1325 565 1460 638 Comitis
1481 569 1520 636 ul

308 673 315 680 “
400 675 544 764 laudem,
561 675 748 760 gloriamsi
765 673 921 744 bonoram
952 673 1074 742 Diuine
1103 673 1298 764 lluisstatis,
1313 685 1347 743 et
1377 676 1519 745 bonoram

400 803 440 853 au
473 782 696 852 reveronoiam
720 780 885 870 lingnitioi
925 780 1047 850 domim
1079 780 1226 849 ladislai
1254 782 1522 852 Exoelleutissini

400 889 500 976 Regis
529 889 686 978 Vngan‘e,
718 896 752 960 at
782 891 901 958 bonum
931 888 1168 976 pouilioumque
1198 895 1320 960 statum
1353 890 1523 960 ‚Ciuitatsrn

399 997 526 1085 Spulati
541 1007 575 1068 et
590 1000 745 1086 Tragurij
946 1027 947 1030 ¹

511 1107 581 1177 Nos
597 1107 730 1196 quidem
746 1107 907 1193 Georgius
923 1107 966 1176 de
979 1107 1135 1176 Braberio
1159 1107 1276 1176 Comes
1306 1108 1524 1178 Breberiensis

400 1217 433 1278 et
447 1209 615 1299 Sybenioi,
647 1222 680 1283 et
692 1218 807 1284 Presto
830 1215 871 1284 do
885 1215 1087 1302 Cotopugna,
1104 1220 1205 1300 atque
1217 1215 1401 1284 Domaldus
1415 1214 1458 1283 do
1470 1217 1526 1283 zu-

399 1314 519 1388 dulinis
534 1322 625 1390 uiuos
640 1323 754 1406 lauro,
770 1323 911 1409 judiees,
944 1323 1070 1412 arbitri,
1099 1325 1325 1408 arbitratores,
1358 1322 1524 1414 eonoortln·

400 1431 498 1513 tores,
530 1429 727 1518 laudatores,
756 1432 1020 1512 sententiatoros,
1055 1430 1246 1498 diffinitores
1277 1437 1310 1498 at
1340 1432 1526 1499 amieabitea

398 1537 628 1620 oompositores
644 1538 728 1605 intur
744 1538 961 1606 uenerabilem
991 1543 1117 1624 putrem
1148 1537 1315 1605 domiuum
1345 1538 1524 1606 lobannem

398 1638 461 1707 Dei
475 1645 588 1726 grauia
616 1645 906 1734 Arohiepisoopum
937 1645 1175 1731 spalatensem,
1196 1643 1391 1730 Capitulum,
1407 1645 1524 1712 Monat-

398 1747 482 1815 teria
496 1771 556 1819 sou
572 1754 750 1840 bloolesias,
766 1753 918 1820 elvirum
939 1752 1081 1820 nobilem
1098 1759 1130 1818 et
1144 1750 1334 1837 prudentem
1367 1751 1524 1820 dominum

401 1851 509 1924 Vitum
543 1858 585 1928 de
601 1860 709 1928 Cerne
739 1859 961 1929 honorabilem
992 1858 1200 1942 Potestttem,
1216 1865 1249 1926 et
1264 1855 1427 1928 discretus
1444 1860 1524 1928 siros

399 1961 608 2051 Cauzegnam
641 1969 778 2056 Durine,
811 1967 970 2035 Marinmn
1005 1966 1238 2050 Bonaunntam,
1259 1973 1291 2034 et
1320 1968 1522 2036 Prinoslaum

400 2070 557 2142 Dobrulis
587 2075 731 2160 Judioos,
749 2074 939 2159 Consilium,
957 2071 1134 2142 Commune
1149 2079 1182 2140 et
1196 2073 1356 2159 speoiales
1372 2093 1523 2160 personas

294 2207 299 2212 ·
398 2179 545 2248 eiusdem
561 2181 712 2252 Ciuitatis
728 2182 857 2270 Spoleti
874 2202 914 2250 ex
929 2202 995 2250 vna
1010 2191 1115 2267 purte,
1129 2186 1273 2266 vt-patot
1287 2198 1348 2264 per
1363 2181 1521 2266 publicum

398 2285 644 2358 instrumentum
685 2289 913 2377 oumpromissi
943 2289 1100 2376 seriptum
1131 2294 1163 2357 et
1193 2289 1394 2373 completum
1433 2306 1521 2354 mann

398 2390 547 2478 Magistri
564 2397 734 2467 Franoisoi
747 2398 945 2466 Aneonituni
960 2395 1129 2482 Imperiuli
1145 2396 1321 2463 Auototate
1340 2395 1480 2481 Notarij,
1493 2401 1532 2463 ot·

397 2521 483 2570 nuno
513 2511 621 2574 autem
654 2505 807 2574 Ciuitatis
831 2499 969 2592 Spalati,
986 2503 1073 2587 quod
1089 2505 1139 2572 sio
1153 2503 1298 2572 cernitur
1312 2503 1449 2571 inooare
1464 2527 1473 2568 a
1487 2502 1522 2570 ln

396 2609 525 2676 nomine
541 2611 672 2680 Domini
687 2615 791 2680 nostri
808 2614 889 2680 Jesu
905 2610 1026 2680 Christi
1043 2610 1161 2678 Amen.
1179 2608 1313 2676 Annua
1342 2610 1521 2678 Natiuitato

396 2715 542 2785 eiusdem
571 2720 879 2794 MaCC⁰LXX⁰VII⁰
894 2719 1071 2787 intllotione
1086 2719 1202 2803 quinta
1217 2716 1345 2803 Spaloti
1362 2717 1420 2786 die
1436 2714 1524 2784 loris

398 2824 591 2895 duodeoima
606 2836 745 2895 exeunte
760 2826 873 2913 Madij,
890 2827 975 2894 siout
989 2828 1022 2893 in
1041 2844 1080 2892 eo
1096 2824 1226 2911 plonius
1252 2824 1371 2909 legitur
1389 2829 1425 2890 et
1454 2843 1518 2890 eon·

397 2932 528 3001 tinetur.
555 2937 596 3002 st
610 2936 737 3004 nobiles
754 2944 786 3003 et
800 2934 978 3021 prudentes
1009 2933 1095 3000 siros
1111 2931 1273 3000 domiuum
1288 2929 1472 3000 Mladinum
1485 2929 1524 2998 do

396 3041 550 3109 Breberio
570 3041 727 3112 Comitem
751 3042 1009 3126 Breboriensem,
1024 3046 1057 3106 et
1074 3037 1298 3106 honorandum
1329 3039 1524 3106 Potestatem

396 3149 558 3236 Tragurij,
575 3157 606 3220 et
621 3149 788 3219 dominum
814 3149 916 3218 Stane
933 3147 974 3217 de
990 3145 1176 3214 Varieassis
1192 3145 1421 3212 honorandum
1436 3143 1523 3228 Capi·

397 3261 526 3324 tansum
554 3257 705 3325 Ciuitatis
736 3256 890 3340 eiusdem,
921 3253 1132 3338 Monasteria,
1163 3250 1339 3338 Euolesias,
1369 3252 1529 3336 homines,

395 3368 494 3448 atque
510 3363 685 3434 Commune
700 3371 732 3430 et
747 3363 908 3450 spooiales
928 3379 1085 3448 personas
1100 3359 1185 3426 dieta
1205 3358 1358 3426 Ciuitatis
1373 3357 1523 3446 Tragurii

395 3491 437 3538 ex
452 3480 545 3557 parto
560 3476 681 3556 altera,
706 3473 794 3542 velut
808 3479 895 3558 putet
910 3470 1041 3556 publico
1061 3472 1273 3537 instrumento
1300 3464 1521 3554 oompromissi

396 3579 543 3648 oonieeto
554 3585 801 3649 etoorroboruto
817 3599 915 3646 manu
934 3577 1102 3644 Franoisoi
1117 3576 1299 3644 Benuenuti
1314 3576 1358 3642 do
1373 3575 1529 3660 Cingulo,

394 3692 427 3752 et
441 3705 527 3752 nuno
542 3687 692 3776 Tragurij
703 3689 810 3756 Jnrati
821 3687 960 3772 Notarij,
977 3685 1069 3752 ouius
1084 3683 1232 3772 inooaeio
1251 3681 1435 3750 dinoscitur
1451 3699 1520 3749 essu

393 3793 594 3862 talis:InDei
604 3796 734 3865 nomino
744 3788 1523 3863 Amen.AunoDominill⁰CC⁰LXX⁰V11⁰indio·

395 3900 487 3968 niune
497 3902 612 3986 quinta
620 3903 674 3970 die
684 3902 819 3971 Veneris
835 3901 1006 3970 vndeoima
1017 3905 1154 3969 exeunte
1163 3895 1277 3982 bladij,
1288 3900 1321 3964 ot
1330 3897 1474 3984 proutin
1487 3913 1523 3962 eo
1546 3985 1551 3992 1

393 4008 521 4095 plenius
537 4009 659 4096 legitur
673 4016 707 4078 et
722 4010 868 4077 babetur.
882 4009 987 4093 Super
1006 4004 1192 4075 ordinanda
1206 4023 1288 4091 pauo
1303 4009 1335 4070 et
1350 4003 1530 4072 oonoordia.

391 4114 475 4182 inter
504 4116 661 4186 Ciuitates
689 4115 855 4203 prediatus
885 4115 1012 4202 Spalati
1030 4123 1064 4182 ot
1092 4112 1245 4199 Tragurij
1278 4110 1323 4179 de
1352 4131 1475 4197 guerra
1493 4115 1522 4176 et

393 4222 564 4312 disoordia,
596 4242 661 4308 que
686 4224 773 4292 inter
788 4243 845 4293 eus
862 4224 905 4291 ad
923 4222 1064 4290 inuioem
1087 4223 1285 4304 vertebatur,
1304 4225 1337 4286 et
1351 4237 1452 4306 super
1466 4227 1523 4286 lor

392 4329 555 4398 mirandis
571 4337 604 4398 et
626 4328 826 4400 diffiniendis
840 4335 941 4418 atque
969 4329 1066 4398 finem
1095 4332 1287 4415 perpetuum
1317 4324 1523 4412 imponendis

392 4436 512 4524 litibus,
542 4439 777 4524 questionibus,
808 4436 937 4524 litigije,
966 4433 1161 4520 bomioidlja
1195 4429 1462 4521 preslaoiombns,
1491 4436 1527 4501 at

391 4545 515 4614 eunetis
529 4545 662 4616 offensis
677 4545 754 4634 alijs
769 4545 916 4615 realibus
931 4550 965 4614 ot
983 4543 1218 4632 personalibus,
1244 4559 1308 4625 quo
1336 4539 1417 4608 bino
1448 4537 1528 4606 inde

390 4671 449 4738 por
463 4654 610 4724 hominus
641 4662 674 4723 ot
688 4653 881 4724 Communia
911 4651 1131 4743 predictarum
1157 4647 1334 4720 Ciuitatum
1349 4646 1439 4716 sautu
1454 4644 1523 4714 fno-
