3194 5196
636 259 791 372 *aar*

143 453 231 548 arip
258 453 410 547 dampnis
440 467 472 530 et
501 459 631 550 iniurijs
661 479 719 546 per
749 453 932 546 predictum
962 453 1107 530 Abraam
1139 461 1172 526 et
1202 453 1284 530 alios

150 568 358 655 supradictos
388 567 509 639 eisdem
540 571 619 656 fitijs
635 566 791 654 Stephani
809 571 842 634 et
855 563 985 652 populis
1009 566 1151 652 ipsorum
1166 553 1281 656 illatis,
1350 588 1352 598 ·

152 675 302 754 intelam
319 674 454 745 formam
474 672 722 762 composicionis
741 679 874 762 propter
905 670 1026 740 honum
1058 671 1151 760 paeid
1182 660 1283 746 deue—
1356 683 1357 686 ’

152 780 279 850 nissent
295 805 304 847 ε
321 781 414 860 Quod
444 782 525 851 feria
550 789 667 869 quarta
681 781 831 869 proxima
845 783 921 866 post
936 778 1055 848 festum
1070 781 1280 850 Pentecosten

153 887 290 976 predicti
304 889 458 976 abraam,
474 887 705 978 Pongoraeins,
725 887 890 974 Nicolaus,
921 885 1110 974 Dyonisius,
1141 885 1282 960 Muren-

154 994 234 1081 oios,
263 996 427 1083 Mothous,
457 996 550 1065 Boda
580 1003 614 1066 et
628 996 772 1065 Thomas
801 993 837 1062 in
852 995 934 1062 vilia
962 994 1104 1064 Terehos
1130 1003 1282 1081 presente

6 1133 8 1141 2
149 1101 312 1188 ,Magistro
337 1104 534 1190 Andronioo,
565 1104 746 1191 eqnaoiam,
771 1121 869 1188 qnam
885 1122 905 1168 a
920 1101 998 1190 hiijs
1028 1101 1184 1189 prodistis
1214 1103 1285 1171 St'e·
1571 1165 1588 1206 ,ἢ

153 1210 255 1296 phani
285 1211 500 1298 abstulerant,
525 1211 698 1280 restituent
711 1208 874 1297 Myehaeli
889 1207 1085 1297 supradicto.
1100 1209 1152 1276 Ex
1168 1209 1284 1299 quibus
1408 1225 1409 1228 ’
1468 1203 1470 1206 ’
1574 1199 1591 1270 ’.

142 1316 185 1386 'si
200 1316 304 1404 aliqui
320 1317 493 1406 defuerint,
508 1318 668 1403 Magister
683 1317 801 1405 Fynta,
825 1317 994 1386 ‚Iohannes
1024 1315 1096 1384 eum
1127 1317 1284 1404 Abraam,

137 1419 323 1520 'Nyoolaus
354 1447 428 1495 eum
442 1424 612 1513 Dyonisio,
628 1424 829 1494 Laureneius
855 1445 928 1494 enm
944 1424 1072 1512 Alexio,
1090 1430 1123 1492 et
1136 1424 1284 1492 Mathone

100 1573 106 1580 -
135 1552 228 1613 ‚enm
243 1532 380 1620 Thoma,
395 1532 510 1600 eodem
540 1531 593 1600 die
624 1539 778 1619 presente
807 1532 879 1618 ipso
909 1532 1068 1618 Magistro
1098 1531 1285 1599 Andronico

155 1640 308 1707 iurabant
339 1658 509 1728 supereo,
539 1639 628 1725 quod
659 1639 784 1708 nnllam
814 1637 857 1707 de
872 1639 1015 1724 equaeiis
1031 1637 1186 1726 predictis
1200 1636 1286 1706 irau-

155 1745 303 1814 duienter
319 1745 544 1816 oeeultassent
560 1745 596 1813 Si
612 1754 720 1816 autem
751 1753 855 1816 morte
886 1746 938 1813 vel
970 1743 1145 1813 amissione
1176 1743 1286 1830 alique

157 1853 317 1938 deessent,
349 1852 524 1923 restituant
555 1853 639 1922 alias
657 1873 757 1937 equas
774 1872 833 1939 pro
850 1852 984 1940 eisdem,
1003 1850 1180 1922 seeundum
1197 1839 1285 1936 quod

155 1959 308 2047 Myehael
323 1978 396 2026 eum
411 1959 594 2027 iuramento
617 1959 851 2048 presumpserit
875 1959 984 2028 dieere
1013 1960 1155 2030 valorem
1188 1979 1287 2043 equa·

55 2053 63 2062 ’
155 2087 239 2138 rum.
267 2067 349 2134 Item
380 2067 494 2135 eodem
526 2067 580 2136 die
595 2073 628 2136 et
643 2068 714 2136 loeo
743 2067 805 2136 sub
821 2066 1096 2154 forma-predioti
1112 2067 1287 2135 iuramenti

155 2175 261 2242 eidem
277 2172 438 2260 Myohaeli
453 2177 624 2243 restituent
638 2173 780 2244 sedenim
807 2194 906 2258 equos
936 2174 1137 2259 nominatos3
1160 2174 1201 2244 de
1216 2174 1289 2260 qui·
1379 2187 1380 2192 ’

144 2283 218 2378 ΙΙηιε
249 2283 278 2350 si
295 2282 423 2366 aliquos
454 2302 534 2354 essu
563 2283 680 2351 mortis
710 2282 765 2350 uel
804 2281 989 2350 amissionis
1019 2283 1191 2350 restituere
1221 2303 1288 2350 non
1421 2301 1422 2304 ’

155 2396 301 2480 possunt,
319 2411 377 2476 pro
393 2390 521 2479 quihus,
548 2409 631 2476 equo
663 2377 727 2458 non
746 2387 897 2476 reddito,
928 2390 957 2458 si
987 2389 1095 2458 dietus
1126 2385 1287 2477 hipohael,
1385 2485 1386 2488 Ἴ

156 2520 228 2568 eum
260 2505 399 2582 quatuor
430 2497 594 2567 nobilibus
624 2517 660 2566 se
675 2496 788 2583 quinto
821 2498 979 2568 iurauerit
1007 2518 1117 2568 eoram
1134 2498 1287 2585 capitulo

20 2689 28 2710 .
91 2665 96 2670 .
136 2695 138 2700 Ι
156 2606 310 2694 Agrieusi
326 2606 422 2674 nohis
439 2607 472 2672 in
488 2604 543 2673 die
559 2605 662 2690 prime
676 2606 851 2676 soluoionis
881 2606 1026 2694 prestito,
1056 2603 1144 2696 qood
1174 2605 1286 2672 deeem

150 2734 285 2800 vmarosas
317 2711 453 2800 quilibet
484 2712 676 2783 amissorum
716 2715 837 2800 valeat,
878 2713 1005 2782 soluent
1046 2713 1173 2781 eisdem
1204 2703 1283 2801 hiijs

156 2821 313 2910 Stephani
328 2842 389 2908 pro
405 2819 548 2906 quolibet
566 2820 677 2889 danem
709 2840 837 2890 mareas
853 2819 888 2889 in
918 2819 1066 2890 terminis
1098 2819 1142 2888 ad
1176 2821 1238 2890 hoe
1253 2822 1287 2886 in

155 2931 211 3000 dio
240 2928 343 3016 prime
371 2928 545 3002 solneionis
574 2949 635 3016 per
648 2949 708 2997 nos
740 2927 946 3016 deputandis.
971 2927 1053 2996 Item
1069 2928 1102 2996 in
1117 2925 1288 3014 quindena

156 3040 366 3106 Pentecosten
382 3037 416 3104 in
433 3037 511 3106 nilla
527 3037 631 3105 Paoas
647 3056 756 3104 eoram
786 3035 912 3105 Comite
941 3035 1050 3116 Belus,
1082 3034 1237 3104 Nieolans
1255 3041 1288 3103 et

79 3159 98 3167 “
140 3145 337 3235 ΙΙ)γοιιίεἰιιε
367 3144 505 3232 predieti
521 3143 663 3214 sedenim
680 3142 835 3231 pecudes,
858 3144 1008 3212 Matheus
1023 3149 1057 3212 et
1071 3143 1214 3211 Abraam
1229 3163 1288 3210 an·

158 3252 272 3322 tedieti
287 3253 405 3340 viginti
423 3253 517 3340 duas,
542 3251 742 3321 Laureneius
771 3271 849 3319 vero
878 3249 1028 3320 vndeeim
1059 3251 1202 3320 triennes
1232 3252 1287 3320 uei

151 3380 269 3448 supra,
299 3367 332 3430 et
361 3380 428 3428 non
443 3360 538 3447 inira,
571 3366 751 3428 memorato
781 3359 944 3447 Myehaeli
976 3359 1056 3427 dare
1086 3361 1288 3430 tenebuntur.

7 3525 8 3528 ,
136 3471 238 3558 μΙῑοιιι
255 3467 410 3538 Nieoiaus
426 3469 513 3538 filius
529 3468 686 3555 Matheus,
702 3467 902 3537 Laureneius
933 3468 1019 3538 fliius
1048 3467 1187 3556 Rpfaen,
1218 3470 1288 3570 hia.

154 3577 249 3646 theus
272 3575 359 3647 filins
391 3575 552 3666 Corrardi,
576 3583 609 3645 et
640 3575 782 3646 Abraam
796 3575 883 3646 filius
907 3576 1057 3645 LadinIai
1073 3576 1211 3664 predioti
1227 3598 1287 3662 pro

155 3691 259 3755 morte
275 3684 428 3774 prodieta,
445 3692 477 3752 et
491 3685 642 3752 omnibus
657 3684 787 3752 damnis
803 3692 836 3753 et
851 3686 982 3772 iniurijs
996 3684 1092 3753 modo
1118 3681 1287 3772 prehabito

13 3836 20 3846 ,
154 3791 259 3862 illatis
291 3792 390 3862 dietis
419 3793 497 3880 iitijs
528 3792 685 3879 Stephani
710 3794 1013 3864 sninentdneentas
1029 3813 1157 3862 mareas
1173 3793 1206 3859 in
1223 3800 1288 3860 ter·

153 3899 250 3968 minis
281 3899 497 3987 iniraseriptis
541 3920 649 3971 eoram
681 3900 795 3984 nobis;
819 3923 859 3970 ex
889 3903 1006 3988 quihus
1049 3901 1284 3990 quinquaginta

55 4066 59 4072 .
152 4027 280 4077 mareas
311 4009 466 4078 rieesimo
498 4007 639 4078 seeundo
679 4009 733 4076 die
764 4010 958 4079 Natiuitatis
999 4011 1093 4079 Beati
1123 4010 1286 4096 ‚iohannis

152 4117 309 4204 Raptim,
324 4117 402 4184 item
420 4117 659 4202 quinquaginta
684 4137 811 4187 marcas
826 4119 861 4184 in
878 4118 1002 4188 oetauis
1033 4118 1127 4185 Beati
1158 4118 1280 4187 hiieha-
1329 4121 1334 4128 '
1420 4152 1421 4166 κ

153 4224 214 4292 elis
244 4225 444 4311 archangeli,
463 4231 495 4294 et
510 4225 748 4313 quinquaginta
787 4245 914 4295 mareas
944 4227 977 4294 in
1009 4226 1135 4296 oetauis
1160 4226 1287 4295 Natini-

152 4331 229 4400 tatis
245 4331 389 4422 Domini,
404 4331 555 4400 residuas
570 4351 646 4400 vero
677 4333 917 4419 qninquaginta
948 4355 1075 4403 mareas
1092 4335 1126 4404 in
1156 4337 1282 4406 oetanis

151 4441 358 4509 Penteoostes
387 4442 504 4526 partim
527 4441 562 4508 in
578 4439 722 4510 denariis
754 4461 812 4529 pro
842 4448 979 4526 quatuor
1009 4442 1211 4512 currentibus
1230 4444 1283 4512 vel
1415 4447 1417 4449 ’
1550 4467 1578 4500 w

162 4546 370 4624 estimaoione
385 4547 528 4620 denariis
545 4546 757 4640 equiualenti,
774 4550 893 4640 partim
918 4571 994 4622 vero
1011 4551 1044 4619 in
1075 4550 1286 4624 estimaeione
