3190 5190
159 1150 194 1216 A
211 1155 348 1218 varod-rt
362 1151 526 1235 lectptalaa
535 1150 690 1234 jeleotdce
714 1146 746 1213 V.
764 1147 875 1213 Istoda
891 1147 1066 1232 lrt'rdlyltoa,
1097 1149 1181 1234 bopy
1195 1144 1298 1212 scari

160 1258 229 1322 Pet
246 1279 343 1322 cernes
358 1253 427 1321 cccc
442 1253 579 1321 birtolrot
595 1253 804 1320 erdscokoaao
818 1251 976 1340 elfoplolt,
993 1253 1149 1339 melyelcre
1164 1252 1297 1318 Barac·

275 1362 334 1427 bde
351 1383 449 1427 comet
464 1357 647 1445 decepture
659 1359 710 1442 fia
724 1359 833 1444 iydnyt
847 1367 923 1423 tart.
948 1359 1181 1426 1270-1272.

273 1555 564 1623 Excellentissimo
581 1553 714 1622 domino
730 1570 788 1620 suo
803 1551 850 1619 St.
864 1551 927 1620 Dei
943 1552 1057 1639 gracia
1072 1551 1196 1621 illustri
1214 1555 1298 1638 Regi

158 1662 338 1746 Hungarie
354 1652 542 1746 Capitulum
558 1659 705 1727 Ecclesie
720 1657 833 1726 Sancti
848 1657 1017 1727 Michaelis
1033 1657 1074 1726 de
1091 1657 1205 1727 Oestro
1221 1659 1299 1728 Fer·

163 1788 220 1836 reo
236 1766 488 1835 inclinocionem
505 1774 539 1836 et
554 1767 724 1835 oraciones
755 1766 790 1832 in
822 1765 891 1834 Deo
921 1765 1050 1853 debitas
1082 1785 1123 1835 ao
1154 1764 1298 1837 deuotus

155 1874 358 1944 Serenitatis
373 1875 489 1942 Vestro
503 1874 631 1941 litteras
646 1873 741 1941 nobis
757 1869 959 1959 destinastis,
970 1871 1004 1937 in
1020 1871 1139 1955 quibus
1154 1871 1299 1944 uidimus
1351 1867 1354 1875 ’

157 1981 337 2066 contineri,
369 1981 455 2065 qnod
472 1978 587 2050 (lomes
604 1978 773 2048 Barnabas
789 1977 873 2046 filius
890 1977 1019 2065 Gerege
1035 1997 1097 2046 sna
1111 1980 1204 2048 uobis
1220 1963 1296 2049 con-

165 2089 337 2172 questione
352 2089 618 2172 demonstrasset,
635 2094 671 2155 rt
686 2084 801 2153 (lomes
816 2085 940 2153 Paulus
957 2086 1041 2154 tilius
1057 2079 1141 2154 S'ecb
1158 2086 1296 2157 deSaar

162 2196 207 2261 de
223 2195 489 2282 possessionibus
506 2197 576 2263 suis
591 2193 625 2260 in
642 2191 867 2263 concambium
882 2192 1093 2278 pereundam
1122 2194 1294 2265 medianti-

164 2305 228 2370 bus
244 2305 368 2372 nostris
384 2302 500 2370 litteris
515 2301 579 2368 sibi
595 2300 690 2388 datis,
707 2297 878 2386 Fanohka,
896 2301 1088 2387 Kuzepiolu,
1123 2301 1297 2388 Gykynus,

160 2409 292 2478 Pinche
306 2414 339 2478 et
347 2409 481 2477 Pozuba
490 2407 615 2476 uocatis
626 2406 802 2474 excludens
813 2406 1001 2495 expulisset,
1019 2416 1051 2476 et
1060 2409 1296 2476 usumfructum

160 2517 309 2602 ipsarum
326 2515 568 2603 possessionum
585 2513 750 2582 antedicto
766 2519 910 2599 tempore
925 2515 997 2599 ipse
1028 2515 1151 2584 Paulus
1182 2517 1297 2584 comcs

162 2621 349 2708 perciperet
364 2621 595 2709 potencialiter
609 2622 644 2687 in
660 2619 762 2704 ipsius
777 2617 1009 2704 preiudicium;
1033 2639 1132 2706 super
1148 2642 1211 2706 quo
1227 2641 1298 2706 pre·

163 2727 341 2817 cipiebatis
356 2729 463 2816 nobis,
494 2734 530 2794 ut
546 2747 644 2794 unum
671 2746 712 2792 ex
743 2725 836 2792 nobis
867 2725 972 2793 uirum
1003 2726 1166 2814 ydoneum
1198 2735 1298 2812 atque

162 2839 287 2904 iustum
303 2856 375 2903 cum
391 2835 494 2901 Paulo
510 2842 630 2918 nepote
647 2831 800 2900 Kathuna
814 2830 945 2900 homine
961 2839 1069 2900 uestro
1079 2825 1298 2902 adsciendom

162 2952 199 3012 et
215 2941 446 3028 inquirendam
461 2941 566 3027 ipsius
583 2941 631 3007 rei
647 2939 816 3007 ueritatem
833 2941 1048 3009 mitteremus.
1090 2938 1205 3007 Verum
1221 2960 1295 3008 cum

165 3051 295 3119 Uestris
311 3050 475 3137 preceptis
493 3057 524 3115 et
540 3045 705 3114 mundetis
721 3045 853 3114 obedire
868 3045 1053 3135 debeamus,
1086 3055 1121 3114 ut
1137 3054 1295 3135 tenemur,

163 3176 323 3224 onumen
342 3154 438 3222 nobis
454 3153 496 3221 de
521 3153 703 3222 senioribus
735 3153 877 3239 Capituli
907 3154 1017 3242 nostri,
1047 3152 1152 3222 virum
1184 3153 1298 3237 ntique

163 3264 296 3349 iustum,
330 3282 405 3330 cnm
436 3261 522 3329 dicto
540 3261 669 3330 homine
686 3267 795 3328 uestro
810 3261 1050 3330 transmisimus
1067 3262 1111 3329 ad
1127 3261 1230 3348 ipsius
1246 3263 1293 3330 rei

162 3371 338 3439 ueritatem
353 3369 590 3454 requirendam.
625 3366 688 3446 Qui
704 3367 833 3438 demum
849 3368 892 3437 ed
906 3389 966 3438 nos
982 3371 1116 3455 reuersi,
1147 3369 1297 3455 requisiti

163 3477 354 3564 recitarunt,
373 3475 459 3561 quod
475 3477 566 3563 ipsus
595 3477 820 3562 possessiones
851 3477 1011 3549 uidissent
1043 3482 1102 3548 sub
1134 3485 1297 3565 potestate

164 3583 245 3651 dieti
261 3583 397 3652 Comitis
413 3581 510 3650 Pauli
526 3583 753 3651 uniuersaliter
768 3585 974 3667 constitutas,
1007 3591 1039 3654 et
1068 3586 1241 3656 sciuissent
1272 3607 1295 3653 a

163 3690 284 3756 uicinis
316 3699 350 3757 et
380 3683 611 3758 commetaueis
644 3691 880 3777 possessionem
910 3694 1098 3779 earundem,
1133 3693 1294 3778 prefatum

159 3795 321 3867 Comitem
339 3795 525 3866 Barnabam
543 3796 584 3865 de
600 3797 697 3865 dictis
712 3799 973 3885 possessionibus
989 3797 1111 3867 dudum
1127 3799 1292 3884 potencia·

160 3905 238 3972 liter
254 3903 424 3974 exclusum
441 3911 473 3972 et
488 3903 659 3990 expulsum
676 3923 735 3991 per
760 3904 907 3974 eundem.
947 3907 1067 3974 Datum
1099 3905 1132 3971 in
1163 3906 1291 3973 octonis

160 4011 277 4081 Sancti
292 4011 395 4096 Regis
411 4011 579 4098 Stephani.

150 4208 196 4270 ιίΔ
209 4210 294 4274 tybri
308 4208 503 4274 ktptalcnnalr
525 4211 636 4262 laet-ki
662 4209 823 4271 ttirstdbdl
843 4210 916 4261 mint
934 4209 1028 4274 altbb,
1047 4223 1065 4262 a
1082 4209 1168 4261 budai
1185 4207 1294 4272 kirtlyi

554 4298 683 4350 kamarai
701 4297 898 4362 levtltarban.)

594 4580 863 4594 ψ
