3194 5196
731 291 736 296 ·
843 279 1002 378 „mt-

890 720 967 788 tat.

360 927 391 984 A
405 921 493 1004 pecti
507 919 733 1008 kdptatcarralc
750 918 1020 1004 temporetam,
1036 921 1118 1005 bcpy
1137 917 1241 1006 Gpdrt'
1256 924 1478 1008 nemeetse'pbeli

359 1027 504 1110 Koardd,
519 1051 535 1092 o
551 1027 726 1092 Endre‘uek
744 1026 815 1108 fibi
841 1029 874 1092 ec
897 1025 1101 1092 erdektdraai
1133 1025 1303 1112 Sealfelde
1333 1029 1479 1116 belpse'pre

476 1133 647 1202 voaotbcsd
657 1133 792 1220 pcrttbet
807 1133 1046 1219 bardtsctpoeaa
1062 1133 1237 1238 etintdztdr.
1271 1135 1370 1202 1298.

464 1327 533 1394 Nos
565 1327 751 1414 Capitulum
783 1327 1145 1412 Quinqueecclesicnsis
1171 1327 1317 1396 Ecclesie
1333 1335 1473 1398 memorie

357 1432 621 1522 commendamus
638 1454 694 1519 per
710 1441 888 1519 presentes,
907 1432 1082 1517 quodcum
1099 1435 1218 1502 nobilis
1250 1435 1301 1502 uir
1332 1437 1476 1520 Magister
1565 1499 1568 1507 r

361 1539 534 1608 Corraldus
566 1539 651 1610 fitius
683 1540 843 1626 Stephani
871 1539 912 1608 de
950 1561 1067 1625 genere
1108 1543 1196 1609 Your
1235 1541 1421 1609 Marcellum
1450 1552 1477 1608 et
1558 1533 1566 1542 ’

356 1647 571 1718 Laurentium
586 1647 670 1718 filios
685 1649 827 1736 hadrec,
859 1648 1030 1716 Nicolaum
1047 1656 1081 1716 et
1112 1647 1274 1718 Jacohum
1305 1651 1389 1716 titios
1416 1650 1477 1716 Ste-

360 1753 461 1838 phani
491 1754 548 1840 filij
582 1755 729 1824 Marcelli
760 1773 859 1840 super
888 1755 976 1822 facto
1008 1756 1172 1822 enimuero
1203 1763 1289 1822 terre
1321 1757 1477 1824 Sauttetde

359 1869 475 1930 nocam
489 1861 524 1928 in
541 1859 703 1928 Comitatu
720 1861 761 1928 de
778 1861 910 1928 Bataua
937 1861 1020 1930 inter
1051 1869 1169 1929 terram
1202 1863 1306 1948 ipsius
1337 1863 1478 1947 Magistri

356 1967 507 2036 conrardi
539 1989 639 2055 prope
670 1971 823 2036 Sanctam
850 1969 1041 2036 Trinitatem
1058 1969 1357 2054 ordincjudiciario
1373 1988 1479 2038 conoe·

356 2077 460 2144 nisset
475 2077 578 2162 Regio
594 2078 629 2144 in
645 2085 831 2162 conspectu,
848 2074 1057 2161 partibusque
1076 2079 1336 2162 alterquantibus
1354 2078 1477 2144 tandem
1565 2083 1570 2092 '

356 2189 390 2251 et
405 2204 466 2269 per
496 2183 626 2252 modom
652 2184 874 2268 judiciarium,
904 2197 1100 2266 quamquem
1128 2205 1186 2269 per
1203 2183 1332 2252 modum
1349 2185 1479 2268 arbitij,
1566 2180 1572 2188 '

357 2291 398 2358 de
428 2292 597 2360 uoluntate
627 2299 660 2358 et
690 2289 903 2377 permissione
943 2291 1068 2358 Judicis
1110 2289 1202 2358 Orrric
1233 2291 1359 2364 domini
1386 2292 1479 2376 Regia

353 2417 463 2467 ‚coram
496 2398 641 2484 ipseper
657 2398 830 2484 Magistros
849 2395 1019 2464 Andream
1037 2404 1070 2465 at
1085 2397 1254 2484 Jacobum,
1270 2398 1356 2468 filios
1372 2399 1481 2482 Jecur,

359 2512 391 2572 et
407 2503 563 2572 Comitem
580 2506 740 2573 'rhomam
756 2507 855 2573 filium
885 2505 1026 2591 Andree,
1058 2506 1201 2572 Berones
1234 2504 1352 2592 Regni,
1383 2506 1477 2574 eciam
1563 2492 1567 2501 ⁴

355 2629 465 2678 coram
497 2612 648 2698 capitulo
679 2613 824 2680 Budcnsi
856 2613 983 2699 publice
1015 2612 1103 2698 facti,
1133 2610 1297 2698 prediatus
1328 2612 1479 2695 Magister

354 2717 528 2787 Corraldus
544 2740 581 2787 sc
611 2719 850 2804 quintodecimo
885 2721 919 2785 in
951 2719 1077 2785 octauis
1107 2717 1319 2786 Ascensionis
1351 2715 1476 2786 Domini

354 2833 499 2913 prestare
529 2827 662 2895 deberet
692 2832 930 2895 sacramentum
962 2845 1071 2896 coram
1102 2825 1197 2893 nobis
1226 2843 1326 2910 super
1350 2823 1436 2890 tacto
1450 2831 1478 2887 et

354 2953 454 3021 super
469 2933 690 3002 ratihcocione
706 2933 907 3016 quarundam
923 2933 1107 2999 litterarum
1123 2933 1245 3000 domini
1260 2931 1339 3000 Bate
1365 2931 1476 3015 Regis3

323 3041 426 3127 ,ipso
456 3049 563 3110 autem
595 3041 650 3110 die
678 3043 875 3110 sacramenti
907 3040 1106 3108 adueniente
1133 3040 1218 3107 idern
1234 3038 1394 3123 Magister
1409 3039 1479 3104 Cor-

353 3147 470 3216 raldus
485 3168 557 3216 cum
574 3148 642 3216 suis
657 3149 792 3218 testibus
817 3147 852 3214 in
883 3156 1030 3215 nostram
1059 3146 1266 3231 presenciam
1298 3143 1486 3213 accedendo

353 3261 488 3339 paratus
519 3262 589 3322 erat
618 3254 662 3322 ad
694 3255 874 3324 iurandum.
907 3254 971 3323 Sed
988 3252 1204 3321 mediantibus
1220 3252 1330 3338 probis
1347 3251 1436 3338 uiris,
1451 3259 1481 3317 et

353 3361 544 3447 specialiter
558 3361 603 3430 ad
619 3362 812 3448 peticionem
828 3363 960 3448 cognati
977 3361 1027 3430 sui
1044 3361 1167 3428 nobilis
1181 3361 1309 3428 iuuenis
1337 3359 1482 3444 Magistri
1558 3403 1566 3412 -

350 3467 424 3536 Jule
450 3463 512 3557 'filij
531 3470 664 3538 Comitis
680 3471 810 3539 Nicolai
827 3472 868 3539 de
883 3491 1004 3559 genere
1019 3472 1132 3556 Magni
1148 3469 1233 3553 Juia,
1250 3469 1483 3555 prenominatis

349 3596 426 3644 vero
442 3577 551 3662 pueris
577 3576 741 3646 humiliter
767 3578 1005 3666 suplicantihus
1021 3584 1054 3644 et
1084 3575 1322 3644 remittentibus
1353 3574 1483 3662 publice

347 3681 535 3751 huiusmodi
575 3686 792 3753 iuramentum
834 3686 979 3755 eiusdem
1020 3683 1171 3769 Magistri
1212 3680 1371 3768 Corraldi,
1389 3682 1483 3770 ‘ipse

251 3847 252 3850 ,
348 3791 502 3875 Magister
517 3787 691 3860 Oomsldus
706 3792 923 3878 personaliter
938 3791 974 3859 in
989 3790 1232 3878 presenciarum
1264 3788 1483 3876 comparando

350 3897 448 3966 cessit
479 3905 510 3967 et
541 3898 748 3968 renunciauit
778 3901 866 3968 om'ni
898 3899 947 3968 liti
979 3919 1038 3968 suc
1068 3906 1101 3965 st
1116 3895 1254 3981 accieni,
1287 3913 1387 3980 quarn
1403 3897 1485 3963 torte

250 4009 262 4018 '
347 4024 434 4072 nuuc
448 4005 501 4072 vel
516 4003 714 4089 inposterum
731 4006 933 4092 superfacto
950 4007 1047 4073 huius
1064 4013 1150 4072 terre
1173 3998 1346 4070 Saulfelde
1370 4009 1484 4070 uocate

348 4110 510 4179 aduersus
541 4113 674 4181 eosdem
707 4114 789 4182 titios
821 4114 952 4183 andree
967 4119 1000 4182 ct
1013 4111 1096 4181 filios
1121 4108 1280 4196 Stephani
1295 4116 1485 4194 prenotatos

300 4204 304 4210 ’
349 4237 481 4287 mouere
496 4219 667 4308 potuisset,
682 4221 900 4307 permittendo
916 4222 1023 4309 ipsam
1036 4227 1155 4289 terram
1186 4215 1356 4284 Sauifelde
1388 4237 1485 4286 uoca-

349 4332 416 4392 tam
448 4325 572 4394 eisdem
603 4327 756 4396 Marcello
787 4335 820 4397 et
845 4328 1024 4398 Laurencio
1055 4325 1133 4412 hlijs
1167 4323 1307 4410 hadrec,
1343 4323 1484 4393 Micelae

348 4441 383 4499 et
397 4433 522 4503 tacebo
537 4431 614 4519 dlijs
645 4433 817 4525 Stephani,
848 4453 1023 4518 eorumque
1053 4429 1230 4502 heredibus
1261 4429 1488 4517 heredumque

348 4555 481 4604 snorum
512 4543 755 4612 successorihus
771 4549 803 4612 et
818 4543 959 4629 posteris
978 4537 1260 4614 irretractabiliter
1276 4542 1310 4607 et
1324 4538 1492 4609 trreuoea-
