3190 5190
585 855 589 860 ⁴
644 897 717 964 ros.

15 1085 18 1184 f
124 1095 219 1160 Deuca
235 1093 368 1161 bdoaale
377 1097 524 1180 jeleate'se
545 1117 734 1182 aqyuaazoo
745 1094 1106 1182 tdrpybacIlKLdszid
1116 1095 1245 1180 disdip-

15 1195 17 1206 '
586 1207 650 1269 boc.
677 1203 773 1270 1274.

15 1493 16 1502 ἵ
214 1395 501 1463 Excellentissimo
525 1403 557 1463 et
572 1396 770 1464 benefactori
791 1415 850 1462 suo
866 1394 1024 1464 Ladinlao
1043 1397 1104 1467 Dei
1122 1397 1235 1480 gracia

15 1523 22 1598 1,
118 1502 228 1570 illustri
244 1503 327 1586 Regi
346 1503 489 1586 Vngarie
505 1503 684 1589 Dyonisius
700 1503 812 1570 Banus
845 1505 949 1571 tocius
981 1505 1153 1572 Solanonie
1168 1524 1239 1589 per·

15 1697 17 1714 ¹
117 1615 204 1694 potue
227 1608 397 1676 fidelitatis
413 1609 601 1694 obsequium
618 1609 830 1678 indefessum.
850 1611 978 1680 Literas
994 1612 1109 1680 Vestra
1124 1609 1242 1678 lincol·

15 1731 17 1788 ἶ
116 1716 209 1782 leucio
236 1717 346 1802 recepi
380 1717 489 1784 debito
521 1738 593 1784 eum
624 1718 756 1806 honore,
788 1717 823 1783 in
857 1718 973 1804 quibus
1006 1718 1239 1803 continebatur,

118 1824 195 1906 quod
225 1843 298 1891 cum
332 1826 483 1891 domiuus
515 1825 608 1910 Bela,
639 1845 722 1893 avus
754 1832 869 1911 vester,
887 1833 920 1893 et
935 1824 1132 1911 Stephanus,
1149 1832 1243 1910 pater

15 2007 16 2014 ἵ
118 1937 225 2014 uester,
240 1930 387 1998 illustres
413 1933 518 2014 Reges
548 1931 718 2017 Huugarie
751 1930 934 1999 inolitarum
967 1933 1243 2017 recordationum,

15 2037 17 2042 ’
117 2034 269 2118 quandam
302 2045 427 2105 terram
459 2039 566 2106 (lustri
598 2039 703 2108 nostri
718 2038 951 2123 Zagrabiensis
976 2041 1133 2106 Tornaua
1149 2057 1244 2106 roos·

15 2167 17 2176 2
116 2149 184 2226 tam,
199 2163 300 2230 prope
317 2144 515 2230 Zagrabium
533 2145 735 2231 existentem,
767 2148 924 2230 Magistro
958 2146 1118 2232 Gerardo,
1151 2144 1239 2213 fideli

15 2254 17 2340 ξ
116 2249 194 2315 fisioo
226 2257 349 2337 vostro,
381 2253 605 2340 contulissent,
638 2259 669 2318 et
686 2253 791 2320 eciam
824 2275 881 2321 vos
899 2252 1155 2337 contulissetis,
1179 2273 1240 2336 ego

115 2358 240 2425 eandem
256 2380 333 2426 oum
349 2360 496 2427 omnibus
513 2360 711 2428 utilitatibus
729 2367 761 2427 et
786 2361 997 2446 pertinenciis
1014 2362 1082 2429 suis
1113 2360 1239 2428 univer·

115 2464 155 2530 sis
184 2467 245 2552 ipsi
260 2466 421 2550 Magistro
453 2465 600 2535 Gerardo
632 2475 776 2536 statuere
793 2475 825 2537 et
841 2469 1012 2552 assignare
1027 2470 1188 2553 deberem,
1207 2473 1240 2534 et

115 2572 210 2657 ipsum
252 2574 474 2643 introductum
502 2576 536 2641 in
568 2575 708 2644 eandem
740 2576 936 2643 auctoritate
968 2583 1077 2645 vestra
1107 2573 1240 2642 firmiter

115 2699 306 2750 conservare.
341 2681 410 2765 ligo
440 2681 541 2766 igitur
566 2683 685 2750 vestris
715 2684 880 2750 mandatis
896 2683 1031 2750 obedire
1047 2682 1239 2751 desiderans

114 2787 244 2856 fideliter
259 2797 295 2858 et
310 2789 437 2877 devoto,
454 2789 562 2876 ipsum
578 2789 773 2874 Magistrum
794 2788 973 2857 Gerardum
990 2809 1049 2874 per
1080 2789 1237 2857 Comitem

15 2901 17 2984 ζ
116 2895 387 2982 Bartholomeum,
420 2894 597 2963 officialem
628 2915 734 2964 meum
767 2897 807 2963 dc
822 2895 974 2984 Pybyna,
989 2896 1024 2961 in
1039 2891 1241 2982 corporalem

15 2989 17 3058 Ῐ
118 3005 358 3088 possessionem
375 3003 478 3089 ipsius
494 3009 579 3071 terre
595 2998 659 3069 ieci
675 3001 845 3070 introduci.
878 3002 942 3080 Qui
974 3001 1101 3069 demum
1134 3020 1240 3068 meam

15 3157 17 3212 5
115 3111 220 3179 adiens
261 3109 479 3197 presenciam,
525 3109 666 3178 asseruit
681 3136 688 3175 ε
705 3109 793 3195 quod
831 3110 1011 3195 predictum
1051 3109 1239 3193 Magistrum

15 3215 17 3234 ⁸
117 3218 291 3287 lietardum
307 3216 344 3282 iu
360 3218 563 3303 corporalem
580 3220 823 3303 possessionem
843 3225 928 3284 terre
946 3220 1125 3284 memorate
1140 3215 1240 3282 intro-

15 3307 17 3380 ἶ
115 3325 264 3412 duxisset,
296 3325 500 3412 presentibus
531 3325 758 3394 commotaneis
791 3335 822 3392 ct
846 3323 971 3410 vicinis,
1005 3323 1094 3391 nullo
1111 3329 1238 3392 eontra·

15 3443 17 3452 ’
115 3431 230 3500 dictore
247 3433 380 3520 penitus
397 3431 568 3514 existente,
585 3431 693 3516 ipsam
720 3438 839 3498 terram
854 3431 889 3497 in
921 3428 1014 3499 metis
1031 3437 1063 3498 et
1095 3429 1243 3499 terminis

115 3541 271 3625 prioribus
288 3541 392 3608 eidem
413 3540 623 3625 assignando.
853 3549 855 3552 ’

192 3736 355 3802 (Tkalcsios,
375 3739 498 3791 bionum.
520 3741 584 3790 hist.
604 3740 695 3803 Epiro.
716 3739 910 3803 Zagrabieusis
929 3739 950 3787 1.
972 3737 1029 3786 lrdt.
1054 3740 1111 3786 174.
1134 3735 1165 3801 1.)
