3096 5202
816 217 999 318 Q.

196 493 205 504 ¹
313 413 461 492 *nomine
476 412 620 482 eiusdem
637 410 760 482 domini
774 414 835 502 sui,
852 432 961 481 eoram
976 414 1071 482 nohis
1096 411 1315 499 personaliter
1339 411 1470 478 consti·

329 520 630 611 tutis,idem1wan
655 521 840 608 porcionem
872 527 957 589 terre
988 541 1047 590 sue
1078 520 1111 588 in
1143 521 1312 606 Polyehna
1344 518 1468 605 ipsum,

329 629 415 698 sieut
431 626 525 716 dixit,
557 635 813 716 eoncementem,
845 649 919 718 eum
935 628 1029 697 siluis
1046 635 1079 696 at
1094 628 1259 696 uniuersis
1285 629 1364 713 alija
1392 627 1468 694 atti·

329 737 457 822 neueijs
473 757 512 804 ac
528 736 723 804 utilitatibus
739 737 817 821 suis,
833 738 896 803 suh
912 737 1018 824 metis,
1035 736 1182 804 terminis
1198 743 1231 828 et
1246 734 1354 820 signis
1366 733 1469 816 infra·
1542 820 1545 828 Ι

329 843 459 929 seriptis
474 841 643 912 confessus
660 850 719 932 eat,
746 863 788 927 ex
803 843 1019 930 permissione
1033 850 1068 911 et
1083 843 1290 932 beneplacito
1319 841 1470 926 Martiny

331 959 363 1018 et
378 950 539 1019 Dominiei
557 951 691 1019 fratrum
709 973 837 1020 suorum
854 950 1042 1020 uendidisse
1058 952 1164 1021 eidem
1182 950 1307 1018 Gemite
1317 951 1419 1036 Eiyc,
1436 955 1468 1014 et

329 1059 398 1129 suis
416 1080 473 1144 per
488 1080 562 1128 eum
577 1059 753 1128 heredibus
770 1081 829 1145 pro
846 1061 987 1143 triginta
1012 1067 1047 1126 et
1078 1061 1183 1128 tribus
1213 1060 1333 1126 mareis
1367 1059 1468 1143 piene

330 1167 486 1256 acceptis,
511 1169 596 1236 sicut
611 1168 704 1253 dixit,
736 1167 993 1236 irremeabiliter
1009 1167 1195 1234 habendam
1213 1174 1246 1234 et
1263 1169 1334 1234 iure
1351 1185 1466 1251 perpe·
1526 1207 1544 1254 .-

330 1281 385 1339 tno
402 1273 641 1358 possidendam.
653 1275 736 1341 Item
754 1275 831 1343 isan
848 1273 934 1341 filius
952 1275 1112 1342 Gucrdem
1129 1295 1237 1342 eoram
1248 1274 1343 1341 nobis
1355 1292 1466 1359 perso-

329 1380 451 1447 naliter
470 1381 662 1448 constitutus
685 1381 851 1464 quandam
868 1380 1238 1469 particulamtsrrcsue,
1254 1379 1466 1446 adiacentem
1546 1393 1547 1396 ’

329 1486 572 1554 terreeiusdem
589 1489 692 1575 iwan,
725 1485 875 1554 uendidit
907 1486 1011 1554 cidem
1044 1485 1161 1556 Goniti
1191 1487 1273 1572 Elye
1304 1507 1365 1571 pro
1400 1504 1466 1552 vna
1540 1539 1545 1550 .

328 1612 439 1660 marca
456 1614 564 1661 coram
580 1595 677 1662 nobis
708 1601 843 1680 accepta
873 1596 943 1663 inre
973 1602 1131 1679 perpetuo
1162 1593 1400 1681 possidendam
1434 1599 1465 1659 et

332 1699 530 1768 habendam.
554 1704 640 1770 Mete
657 1711 766 1769 autem
783 1711 868 1769 terro
892 1721 951 1790 per
977 1702 1095 1770 dietum
1127 1703 1218 1786 Iwan
1251 1703 1401 1786 vendite,
1434 1705 1465 1764 ct

329 1809 489 1891 particule
520 1817 605 1878 terre
637 1810 768 1878 uendite
799 1829 859 1896 per
890 1811 966 1878 isan
992 1811 1216 1899 prescriptum,
1246 1813 1333 1878 sicut
1365 1811 1461 1876 homo

281 2006 283 2014 J
329 1926 439 1984 noster
456 1939 550 2006 quem
567 1920 746 1987 adfaciem
763 1919 939 1987 earundem
956 1923 1154 2001 miseramus,
1182 1920 1279 1987 nobis
1295 1917 1460 2003 recitauit,
1546 2007 1547 2010 Ἴ

329 2026 534 2109 presentibus
552 2034 584 2095 et
600 2027 883 2096 consencientibus
901 2027 1131 2096 commetancis
1158 2035 1190 2095 ct
1221 2028 1350 2114 vicinis,
1386 2045 1458 2110 quo·

329 2151 401 2198 rum
417 2136 548 2202 nomina
563 2133 699 2202 inferius
717 2135 951 2218 exprimuntur,
968 2133 1105 2220 pacifico
1121 2142 1154 2200 et
1169 2135 1256 2219 quite
1272 2141 1382 2201 erecte
1399 2133 1459 2200 hoc

311 2237 441 2306 ordine
456 2241 677 2327 distinguntur
694 2267 702 2307 ε
720 2242 880 2312 Videlicet
911 2244 1018 2326 prima
1050 2250 1136 2310 meta
1167 2241 1284 2328 incipit
1315 2264 1336 2310 a
1369 2247 1461 2329 parte

329 2347 464 2417 orientis
479 2349 513 2414 in
541 2349 792 2417 commutacione
823 2357 908 2416 terre
938 2347 1100 2434 Stephani
1130 2349 1189 2436 filij
1223 2349 1388 2436 Stephani
1419 2349 1459 2415 ab

327 2455 446 2522 arbore
463 2464 584 2542 garten
600 2458 827 2542 crucesignuta
843 2462 931 2524 meta
948 2462 1053 2524 terrea
1070 2456 1283 2539 circumfusa;
1308 2455 1392 2524 inde
1417 2453 1457 2522 ad

327 2561 460 2628 fluuium
476 2563 655 2651 Blanycha,
681 2563 715 2630 in
732 2585 795 2649 quo
813 2563 993 2651 procedens
1020 2564 1155 2632 inferius
1187 2583 1301 2630 neruus
1331 2571 1458 2648 partem

327 2669 504 2739 occidentis
520 2673 554 2738 in
571 2693 691 2755 magno
708 2672 820 2758 spacio
838 2672 905 2738 exit
921 2671 965 2738 ad
981 2679 1101 2739 metam
1116 2680 1267 2759 terream,
1283 2672 1317 2737 in
1334 2693 1406 2756 qna
1414 2677 1460 2739 est

314 2777 445 2844 dumus
455 2779 583 2864 jauor5
607 2780 685 2847 inde
701 2782 735 2846 iu
760 2799 825 2846 vna
856 2780 944 2848 ualle
974 2799 1086 2847 uersus
1119 2780 1287 2847 meridiem
1317 2781 1457 2847 tendens

327 2885 395 2951 exit
412 2885 453 2952 ad
470 2897 588 2954 metam
604 2893 741 2955 terream
758 2886 854 2955 sitam
873 2887 966 2953 iuxta
981 2886 1087 2974 sium3
1111 2887 1188 2955 inde
1204 2888 1237 2953 in
1255 2887 1374 2956 eadem
1406 2888 1458 2956 ria

327 2990 468 3060 dectinet
484 3013 599 3062 uersus
616 3001 742 3082 partem
768 2993 955 3081 occidentis,
989 3001 1021 3061 ct
1051 2993 1199 3080 peruenit
1231 2992 1275 3061 ad
1301 3013 1457 3080 magnam
1545 3027 1546 3030 ¹

326 3099 425 3185 uiam,
451 3101 506 3168 ubi
522 3109 572 3169 est
587 3109 676 3169 meta
692 3111 810 3187 terrea,
840 3102 950 3184 ibique
966 3109 1177 3170 commetatur
1192 3102 1353 3187 particule
1372 3111 1456 3170 terre

325 3209 456 3275 uendite
473 3227 530 3293 per
546 3209 622 3276 isan
640 3210 818 3294 prefatum3
843 3209 921 3276 iude
935 3209 969 3275 in
986 3208 1100 3278 eadem
1116 3229 1239 3295 magna
1255 3211 1311 3277 via
1341 3229 1457 3279 uersus

326 3315 493 3382 meridiem
510 3315 688 3401 procedens
706 3318 773 3385 exit
790 3318 833 3384 ad
849 3318 997 3384 arborem
1014 3315 1085 3382 ihur
1095 3317 1357 3401 crucesignatum
1370 3325 1456 3386 meta

324 3431 431 3491 terrea
447 3422 677 3492 circumfusam
692 3447 700 3509 ;
715 3423 793 3492 inde
809 3424 931 3491 directe
948 3423 1127 3509 procedens
1144 3425 1232 3491 uenit
1247 3424 1291 3491 ad
1307 3427 1455 3494 arborem

323 3533 408 3598 haas
426 3531 683 3616 crucesignatum
700 3540 787 3600 meta
803 3540 911 3600 terrea
926 3531 1165 3619 circumfusam,
1183 3532 1279 3600 sitam
1296 3532 1392 3599 iuxta
1400 3533 1455 3599 flu·

324 3641 413 3706 nium
430 3638 657 3728 Oharnureka3
683 3639 757 3708 inda
782 3640 814 3706 in
832 3640 946 3708 eodem
977 3639 1074 3706 fluuio
1105 3640 1286 3727 procedens
1317 3638 1454 3708 iuferius

323 3748 551 3814 iuxtaterram
568 3748 717 3834 Magistri
733 3749 827 3834 Moys
844 3750 876 3813 in
895 3767 1013 3834 magno
1030 3747 1141 3833 spacio
1158 3749 1249 3815 uenit
1264 3745 1309 3813 ed
1337 3747 1453 3832 locum,

310 3845 381 3922 ¹ubi
397 3855 531 3938 quidam
548 3857 636 3922 riuus
651 3857 832 3924 Dohoueeh
849 3862 982 3923 uocatus
1000 3855 1089 3922 cadit
1105 3857 1139 3922 in
1165 3853 1288 3923 dietum
1320 3854 1454 3921 fluuium

324 3962 547 4050 Charnareku,
579 3963 691 4048 ibique
709 3972 758 4034 est
773 3965 870 4032 arbor
885 3973 1005 4047 gastau
1033 3963 1270 4049 crucesignato,
1302 3962 1364 4030 sub
1391 3982 1454 4046 qua

204 4085 208 4090 ’
323 4078 372 4138 est
387 4080 476 4140 meta
489 4081 617 4157 terrea;
641 4072 718 4141 inde
733 4074 768 4138 in
785 4072 899 4143 eodem
918 4071 989 4139 riuo
1006 4071 1190 4153 Dohoueeh,
1223 4071 1453 4138 iuxtaterram

322 4179 403 4247 dicti
418 4179 519 4266 Iwan,
552 4199 590 4246 ac
606 4181 770 4248 Dominici
787 4181 896 4248 fratris
922 4180 1068 4247 eiusdem
1094 4178 1272 4267 procedens
1303 4176 1453 4263 superins

322 4309 437 4357 uersus
451 4297 578 4375 partem
594 4290 835 4376 septemtrionis
850 4291 884 4358 in
899 4310 1019 4374 magno
1035 4291 1146 4378 spacio
1162 4288 1231 4356 enit
1256 4286 1300 4354 ad
1332 4293 1450 4354 mamm

320 4405 459 4466 terream
475 4397 573 4465 sitam
591 4398 683 4466 iuxta
699 4398 803 4485 uiam;
828 4398 905 4466 inde
921 4401 955 4467 in
973 4399 1086 4467 eadem
1118 4394 1174 4463 uia
1205 4394 1387 4480 procedens
1418 4393 1449 4459 in

305 4525 439 4592 magno
455 4506 567 4593 spacio
584 4506 676 4576 uenit
692 4507 734 4573 ud
750 4513 868 4576 metum
887 4515 1046 4590 terream;
1071 4504 1148 4574 inde
1164 4503 1198 4570 in
1215 4502 1284 4572 ulia
1299 4503 1355 4570 uia
1379 4521 1448 4588 pro·
