<?xml version="1.0" encoding="UTF-8"?>
<!DOCTYPE html PUBLIC "-//W3C//DTD XHTML 1.0 Transitional//EN"
    "http://www.w3.org/TR/xhtml1/DTD/xhtml1-transitional.dtd">
<html xmlns="http://www.w3.org/1999/xhtml" xml:lang="en" lang="en">
 <head>
  <title>
</title>
<meta http-equiv="Content-Type" content="text/html;charset=utf-8" />
  <meta name='ocr-system' content='tesseract 3.04.00' />
  <meta name='ocr-capabilities' content='ocr_page ocr_carea ocr_par ocr_line ocrx_word'/>
</head>
<body>
  <div class='ocr_page' id='page_1' title='image "./codexdiplomatic00wenzgoog_0311.png"; bbox 0 0 3096 5202; ppageno 0'>
   <div class='ocr_carea' id='block_1_1' title="bbox 580 1097 657 1168">
    <p class='ocr_par' dir='ltr' id='par_1_1' title="bbox 580 1097 657 1168">
     <span class='ocr_line' id='line_1_1' title="bbox 580 1097 657 1168; baseline 0.039 -3"><span class='ocrx_word' id='word_1_1' title='bbox 580 1097 657 1168; x_wconf 74' lang='lat' dir='ltr'>ate.</span> 
     </span>
    </p>
   </div>
   <div class='ocr_carea' id='block_1_2' title="bbox 2 1294 1183 1492">
    <p class='ocr_par' dir='ltr' id='par_1_2' title="bbox 2 1294 1183 1492">
     <span class='ocr_line' id='line_1_2' title="bbox 2 1294 1183 1392; baseline -0.003 -27"><span class='ocrx_word' id='word_1_2' title='bbox 2 1375 3 1392; x_wconf 21' lang='lat'>3</span> <span class='ocrx_word' id='word_1_3' title='bbox 57 1301 99 1365; x_wconf 74' lang='lat' dir='ltr'>Aa</span> <span class='ocrx_word' id='word_1_4' title='bbox 113 1301 305 1386; x_wconf 70' lang='lat' dir='ltr'>esmrqamt’</span> <span class='ocrx_word' id='word_1_5' title='bbox 319 1297 541 1386; x_wconf 74' lang='lat' dir='ltr'>tepmtannak</span> <span class='ocrx_word' id='word_1_6' title='bbox 566 1294 844 1382; x_wconf 70' lang='lat' dir='ltr'>diaoayedelenele,</span> <span class='ocrx_word' id='word_1_7' title='bbox 875 1298 959 1380; x_wconf 71' lang='lat' dir='ltr'>lneqy</span> <span class='ocrx_word' id='word_1_8' title='bbox 992 1295 1183 1361; x_wconf 82' lang='lat' dir='ltr'>Etruolmolt</span> 
     </span>
     <span class='ocr_line' id='line_1_3' title="bbox 2 1401 1183 1492; baseline -0.003 -18"><span class='ocrx_word' id='word_1_9' title='bbox 2 1448 3 1474; x_wconf 66' lang='grc' dir='ltr'>ι</span> <span class='ocrx_word' id='word_1_10' title='bbox 52 1408 122 1492; x_wconf 75' lang='lat' dir='ltr'>fini,</span> <span class='ocrx_word' id='word_1_11' title='bbox 137 1407 259 1473; x_wconf 66' lang='lat' dir='ltr'>diruet</span> <span class='ocrx_word' id='word_1_12' title='bbox 278 1408 312 1471; x_wconf 73' lang='grc' dir='ltr'>ἐι</span> <span class='ocrx_word' id='word_1_13' title='bbox 323 1405 605 1491; x_wconf 74' lang='grc' dir='ltr'>ΜίΙιίόιιιιιιιιιιΙι,</span> <span class='ocrx_word' id='word_1_14' title='bbox 622 1403 831 1472; x_wconf 74' lang='lat' dir='ltr'>ttrtotottau</span> <span class='ocrx_word' id='word_1_15' title='bbox 842 1401 1064 1470; x_wconf 72' lang='lat' dir='ltr'>oezoztodrak.</span> <span class='ocrx_word' id='word_1_16' title='bbox 1085 1402 1183 1470; x_wconf 82' lang='lat'><strong><em>1279.</em></strong></span> 
     </span>
    </p>
   </div>
   <div class='ocr_carea' id='block_1_3' title="bbox 1 1597 1284 4705">
    <p class='ocr_par' dir='ltr' id='par_1_3' title="bbox 1 1597 1284 4700">
     <span class='ocr_line' id='line_1_4' title="bbox 154 1597 1181 1689; baseline -0.001 -21"><span class='ocrx_word' id='word_1_17' title='bbox 154 1603 223 1670; x_wconf 80' lang='lat' dir='ltr'>llos</span> <span class='ocrx_word' id='word_1_18' title='bbox 249 1599 439 1689; x_wconf 79' lang='lat' dir='ltr'>Gapilulum</span> <span class='ocrx_word' id='word_1_19' title='bbox 459 1601 609 1669; x_wconf 76' lang='lat' dir='ltr'>lloelesie</span> <span class='ocrx_word' id='word_1_20' title='bbox 624 1599 858 1684; x_wconf 72' lang='lat' dir='ltr'>strigoniensis</span> <span class='ocrx_word' id='word_1_21' title='bbox 873 1597 1094 1682; x_wconf 73' lang='lat' dir='ltr'>signidoamne</span> <span class='ocrx_word' id='word_1_22' title='bbox 1111 1597 1181 1684; x_wconf 87' lang='lat' dir='ltr'>qui·</span> 
     </span>
     <span class='ocr_line' id='line_1_5' title="bbox 2 1701 1178 1794; baseline -0.006 -16"><span class='ocrx_word' id='word_1_23' title='bbox 2 1711 3 1766; x_wconf 59' lang='lat' dir='ltr'>ss</span> <span class='ocrx_word' id='word_1_24' title='bbox 56 1713 108 1779; x_wconf 85' lang='lat' dir='ltr'>bne</span> <span class='ocrx_word' id='word_1_25' title='bbox 117 1710 247 1794; x_wconf 84' lang='lat' dir='ltr'>expedit</span> <span class='ocrx_word' id='word_1_26' title='bbox 265 1709 419 1777; x_wconf 86' lang='lat' dir='ltr'>memorie</span> <span class='ocrx_word' id='word_1_27' title='bbox 434 1708 694 1778; x_wconf 85' lang='lat' dir='ltr'>oommendantes</span> <span class='ocrx_word' id='word_1_28' title='bbox 703 1706 873 1788; x_wconf 81' lang='lat' dir='ltr'>uniuersis,</span> <span class='ocrx_word' id='word_1_29' title='bbox 884 1701 1178 1790; x_wconf 86' lang='lat' dir='ltr'>qnodnobilosviri</span> 
     </span>
     <span class='ocr_line' id='line_1_6' title="bbox 2 1813 1179 1904; baseline -0.003 -21"><span class='ocrx_word' id='word_1_30' title='bbox 2 1869 3 1900; x_wconf 41' lang='lat' dir='ltr'>J</span> <span class='ocrx_word' id='word_1_31' title='bbox 58 1818 165 1887; x_wconf 83' lang='lat' dir='ltr'>iltmeh</span> <span class='ocrx_word' id='word_1_32' title='bbox 180 1825 213 1886; x_wconf 91' lang='lat' dir='ltr'>et</span> <span class='ocrx_word' id='word_1_33' title='bbox 228 1818 390 1886; x_wconf 81' lang='lat' dir='ltr'>Nicolsus</span> <span class='ocrx_word' id='word_1_34' title='bbox 406 1817 463 1904; x_wconf 88' lang='lat' dir='ltr'>lilij</span> <span class='ocrx_word' id='word_1_35' title='bbox 485 1816 601 1884; x_wconf 74' lang='lat' dir='ltr'>ldtrmlr</span> <span class='ocrx_word' id='word_1_36' title='bbox 619 1835 728 1883; x_wconf 88' lang='lat' dir='ltr'>eoram</span> <span class='ocrx_word' id='word_1_37' title='bbox 745 1813 841 1883; x_wconf 88' lang='lat' dir='ltr'>nobis</span> <span class='ocrx_word' id='word_1_38' title='bbox 856 1813 1024 1882; x_wconf 85' lang='lat' dir='ltr'>constituti</span> <span class='ocrx_word' id='word_1_39' title='bbox 1039 1813 1179 1882; x_wconf 85' lang='lat' dir='ltr'>eonlessi</span> 
     </span>
     <span class='ocr_line' id='line_1_7' title="bbox 58 1921 1180 2014; baseline -0.006 -21.333"><span class='ocrx_word' id='word_1_40' title='bbox 58 1933 132 2014; x_wconf 86' lang='lat' dir='ltr'>sunt,</span> <span class='ocrx_word' id='word_1_41' title='bbox 147 1927 236 1995; x_wconf 89' lang='lat' dir='ltr'>inter</span> <span class='ocrx_word' id='word_1_42' title='bbox 251 1926 345 2013; x_wconf 83' lang='lat' dir='ltr'>ipsos</span> <span class='ocrx_word' id='word_1_43' title='bbox 361 1927 460 1995; x_wconf 66' lang='lat' dir='ltr'>alem</span> <span class='ocrx_word' id='word_1_44' title='bbox 476 1928 509 1992; x_wconf 91' lang='lat' dir='ltr'>in</span> <span class='ocrx_word' id='word_1_45' title='bbox 541 1926 610 1993; x_wconf 90' lang='lat' dir='ltr'>suis</span> <span class='ocrx_word' id='word_1_46' title='bbox 641 1922 903 2010; x_wconf 72' lang='lat' dir='ltr'>possessionibus</span> <span class='ocrx_word' id='word_1_47' title='bbox 935 1921 1128 1990; x_wconf 87' lang='lat' dir='ltr'>diuisionem</span> <span class='ocrx_word' id='word_1_48' title='bbox 1143 1940 1180 1988; x_wconf 86' lang='lat' dir='ltr'>ss</span> 
     </span>
     <span class='ocr_line' id='line_1_8' title="bbox 1 2030 1183 2118; baseline -0.003 -20"><span class='ocrx_word' id='word_1_49' title='bbox 1 2034 5 2042; x_wconf 74' lang='grc'><strong><em>’</em></strong></span> <span class='ocrx_word' id='word_1_50' title='bbox 58 2033 163 2101; x_wconf 81' lang='lat' dir='ltr'>lenisse</span> <span class='ocrx_word' id='word_1_51' title='bbox 179 2057 187 2100; x_wconf 77' lang='grc' dir='ltr'>ι</span> <span class='ocrx_word' id='word_1_52' title='bbox 206 2033 297 2118; x_wconf 85' lang='lat' dir='ltr'>qnod</span> <span class='ocrx_word' id='word_1_53' title='bbox 329 2031 488 2101; x_wconf 77' lang='lat' dir='ltr'>medietas</span> <span class='ocrx_word' id='word_1_54' title='bbox 515 2033 591 2100; x_wconf 88' lang='lat' dir='ltr'>ville</span> <span class='ocrx_word' id='word_1_55' title='bbox 607 2038 640 2100; x_wconf 90' lang='lat' dir='ltr'>et</span> <span class='ocrx_word' id='word_1_56' title='bbox 656 2037 740 2100; x_wconf 87' lang='lat' dir='ltr'>terre</span> <span class='ocrx_word' id='word_1_57' title='bbox 759 2030 943 2112; x_wconf 83' lang='lat' dir='ltr'>Berzenehe</span> <span class='ocrx_word' id='word_1_58' title='bbox 958 2037 1074 2097; x_wconf 77' lang='lat' dir='ltr'>renate</span> <span class='ocrx_word' id='word_1_59' title='bbox 1090 2046 1183 2114; x_wconf 84' lang='lat' dir='ltr'>supe-</span> 
     </span>
     <span class='ocr_line' id='line_1_9' title="bbox 2 2136 1182 2227; baseline -0.003 -21"><span class='ocrx_word' id='word_1_60' title='bbox 2 2141 4 2220; x_wconf 58' lang='lat'><em>}</em></span> <span class='ocrx_word' id='word_1_61' title='bbox 58 2141 114 2206; x_wconf 87' lang='lat' dir='ltr'>rior</span> <span class='ocrx_word' id='word_1_62' title='bbox 127 2159 149 2205; x_wconf 92' lang='lat' dir='ltr'>a</span> <span class='ocrx_word' id='word_1_63' title='bbox 163 2149 262 2226; x_wconf 84' lang='lat' dir='ltr'>parte</span> <span class='ocrx_word' id='word_1_64' title='bbox 294 2139 386 2224; x_wconf 87' lang='lat' dir='ltr'>fluuij</span> <span class='ocrx_word' id='word_1_65' title='bbox 419 2139 516 2227; x_wconf 84' lang='lat' dir='ltr'>Ipoll,</span> <span class='ocrx_word' id='word_1_66' title='bbox 541 2159 604 2226; x_wconf 88' lang='lat' dir='ltr'>que</span> <span class='ocrx_word' id='word_1_67' title='bbox 622 2139 729 2208; x_wconf 87' lang='lat' dir='ltr'>iuerat</span> <span class='ocrx_word' id='word_1_68' title='bbox 743 2137 882 2222; x_wconf 84' lang='lat' dir='ltr'>Nioolai,</span> <span class='ocrx_word' id='word_1_69' title='bbox 900 2137 999 2205; x_wconf 89' lang='lat' dir='ltr'>cessit</span> <span class='ocrx_word' id='word_1_70' title='bbox 1014 2155 1099 2204; x_wconf 89' lang='lat' dir='ltr'>nuno</span> <span class='ocrx_word' id='word_1_71' title='bbox 1115 2136 1182 2202; x_wconf 83' lang='lat' dir='ltr'>lla·</span> 
     </span>
     <span class='ocr_line' id='line_1_10' title="bbox 59 2243 1183 2334; baseline -0.004 -20.241"><span class='ocrx_word' id='word_1_72' title='bbox 59 2249 149 2329; x_wconf 80' lang='lat' dir='ltr'>gistro</span> <span class='ocrx_word' id='word_1_73' title='bbox 179 2247 321 2334; x_wconf 76' lang='lat' dir='ltr'>iltruoh,</span> <span class='ocrx_word' id='word_1_74' title='bbox 353 2254 506 2333; x_wconf 85' lang='lat' dir='ltr'>separata</span> <span class='ocrx_word' id='word_1_75' title='bbox 537 2249 641 2315; x_wconf 91' lang='lat' dir='ltr'>eniam</span> <span class='ocrx_word' id='word_1_76' title='bbox 663 2247 758 2314; x_wconf 88' lang='lat' dir='ltr'>metis</span> <span class='ocrx_word' id='word_1_77' title='bbox 777 2253 809 2316; x_wconf 82' lang='lat' dir='ltr'>et</span> <span class='ocrx_word' id='word_1_78' title='bbox 826 2243 998 2331; x_wconf 85' lang='lat' dir='ltr'>distinete;</span> <span class='ocrx_word' id='word_1_79' title='bbox 1024 2244 1090 2311; x_wconf 83' lang='lat' dir='ltr'>alia</span> <span class='ocrx_word' id='word_1_80' title='bbox 1107 2260 1183 2310; x_wconf 87' lang='lat' dir='ltr'>uero</span> 
     </span>
     <span class='ocr_line' id='line_1_11' title="bbox 2 2349 1185 2441; baseline 0 -22"><span class='ocrx_word' id='word_1_81' title='bbox 2 2349 209 2420; x_wconf 74' lang='lat' dir='ltr'>medietas</span> <span class='ocrx_word' id='word_1_82' title='bbox 226 2353 364 2422; x_wconf 78' lang='lat' dir='ltr'>inferior</span> <span class='ocrx_word' id='word_1_83' title='bbox 380 2375 401 2423; x_wconf 87' lang='lat' dir='ltr'>a</span> <span class='ocrx_word' id='word_1_84' title='bbox 417 2361 511 2441; x_wconf 85' lang='lat' dir='ltr'>parte</span> <span class='ocrx_word' id='word_1_85' title='bbox 526 2374 609 2438; x_wconf 89' lang='lat' dir='ltr'>aque</span> <span class='ocrx_word' id='word_1_86' title='bbox 620 2352 809 2438; x_wconf 81' lang='lat' dir='ltr'>Beruenelre,</span> <span class='ocrx_word' id='word_1_87' title='bbox 826 2371 923 2437; x_wconf 87' lang='lat' dir='ltr'>quam</span> <span class='ocrx_word' id='word_1_88' title='bbox 940 2352 1012 2436; x_wconf 89' lang='lat' dir='ltr'>ipss</span> <span class='ocrx_word' id='word_1_89' title='bbox 1026 2351 1185 2435; x_wconf 78' lang='lat' dir='ltr'>Magister</span> 
     </span>
     <span class='ocr_line' id='line_1_12' title="bbox 2 2452 1183 2568; baseline 0.001 -43.057"><span class='ocrx_word' id='word_1_90' title='bbox 2 2452 172 2568; x_wconf 85' lang='lat' dir='ltr'>iitrnoh</span> <span class='ocrx_word' id='word_1_91' title='bbox 185 2461 312 2547; x_wconf 86' lang='lat' dir='ltr'>habuit,</span> <span class='ocrx_word' id='word_1_92' title='bbox 322 2461 421 2532; x_wconf 84' lang='lat' dir='ltr'>eessrt</span> <span class='ocrx_word' id='word_1_93' title='bbox 430 2462 589 2548; x_wconf 76' lang='lat' dir='ltr'>Magistro</span> <span class='ocrx_word' id='word_1_94' title='bbox 606 2461 743 2528; x_wconf 83' lang='lat' dir='ltr'>Nioolao</span> <span class='ocrx_word' id='word_1_95' title='bbox 758 2459 907 2528; x_wconf 87' lang='lat' dir='ltr'>similiter</span> <span class='ocrx_word' id='word_1_96' title='bbox 917 2458 1183 2527; x_wconf 78' lang='lat' dir='ltr'>filiolitruehsub</span> 
     </span>
     <span class='ocr_line' id='line_1_13' title="bbox 2 2523 1284 2660; baseline 0.004 -29"><span class='ocrx_word' id='word_1_97' title='bbox 2 2599 9 2660; x_wconf 71' lang='lat' dir='ltr'>J</span> <span class='ocrx_word' id='word_1_98' title='bbox 2 2523 172 2652; x_wconf 84' lang='lat' dir='ltr'>ijsdem</span> <span class='ocrx_word' id='word_1_99' title='bbox 199 2571 309 2637; x_wconf 86' lang='lat' dir='ltr'>metis</span> <span class='ocrx_word' id='word_1_100' title='bbox 338 2570 444 2637; x_wconf 84' lang='lat' dir='ltr'>Areas</span> <span class='ocrx_word' id='word_1_101' title='bbox 459 2575 565 2637; x_wconf 86' lang='lat' dir='ltr'>autem</span> <span class='ocrx_word' id='word_1_102' title='bbox 591 2569 671 2637; x_wconf 81' lang='lat' dir='ltr'>sites</span> <span class='ocrx_word' id='word_1_103' title='bbox 687 2588 746 2636; x_wconf 89' lang='lat' dir='ltr'>seu</span> <span class='ocrx_word' id='word_1_104' title='bbox 762 2570 836 2636; x_wconf 87' lang='lat' dir='ltr'>lona</span> <span class='ocrx_word' id='word_1_105' title='bbox 851 2565 996 2654; x_wconf 88' lang='lat' dir='ltr'>eurialin,</span> <span class='ocrx_word' id='word_1_106' title='bbox 1012 2585 1094 2650; x_wconf 85' lang='lat' dir='ltr'>quas</span> <span class='ocrx_word' id='word_1_107' title='bbox 1110 2566 1182 2634; x_wconf 82' lang='lat' dir='ltr'>hao-</span> <span class='ocrx_word' id='word_1_108' title='bbox 1280 2629 1284 2636; x_wconf 87' lang='lat'>.</span> 
     </span>
     <span class='ocr_line' id='line_1_14' title="bbox 2 2624 1181 2764; baseline 0.001 -25"><span class='ocrx_word' id='word_1_109' title='bbox 2 2624 9 2734; x_wconf 86' lang='lat' dir='ltr'>l</span> <span class='ocrx_word' id='word_1_110' title='bbox 70 2695 143 2745; x_wconf 86' lang='lat' dir='ltr'>enus</span> <span class='ocrx_word' id='word_1_111' title='bbox 157 2681 344 2764; x_wconf 84' lang='lat' dir='ltr'>tenuerunt,</span> <span class='ocrx_word' id='word_1_112' title='bbox 360 2697 423 2744; x_wconf 90' lang='lat' dir='ltr'>uon</span> <span class='ocrx_word' id='word_1_113' title='bbox 441 2684 664 2758; x_wconf 78' lang='lat' dir='ltr'>mutauerant3</span> <span class='ocrx_word' id='word_1_114' title='bbox 688 2674 746 2744; x_wconf 87' lang='lat' dir='ltr'>sed</span> <span class='ocrx_word' id='word_1_115' title='bbox 765 2675 931 2742; x_wconf 87' lang='lat' dir='ltr'>habebunt</span> <span class='ocrx_word' id='word_1_116' title='bbox 951 2674 1065 2742; x_wconf 87' lang='lat' dir='ltr'>eadem</span> <span class='ocrx_word' id='word_1_117' title='bbox 1096 2674 1181 2759; x_wconf 82' lang='lat' dir='ltr'>loca,</span> 
     </span>
     <span class='ocr_line' id='line_1_15' title="bbox 65 2781 1181 2870; baseline -0.002 -20"><span class='ocrx_word' id='word_1_118' title='bbox 65 2801 119 2864; x_wconf 81' lang='lat' dir='ltr'>que</span> <span class='ocrx_word' id='word_1_119' title='bbox 149 2785 335 2855; x_wconf 84' lang='lat' dir='ltr'>babuerunt</span> <span class='ocrx_word' id='word_1_120' title='bbox 366 2804 468 2868; x_wconf 88' lang='lat' dir='ltr'>usque</span> <span class='ocrx_word' id='word_1_121' title='bbox 500 2785 604 2868; x_wconf 92' lang='lat' dir='ltr'>modo,</span> <span class='ocrx_word' id='word_1_122' title='bbox 627 2804 699 2853; x_wconf 87' lang='lat' dir='ltr'>oum</span> <span class='ocrx_word' id='word_1_123' title='bbox 716 2781 908 2852; x_wconf 74' lang='lat' dir='ltr'>utilitatibus</span> <span class='ocrx_word' id='word_1_124' title='bbox 925 2789 956 2849; x_wconf 88' lang='lat' dir='ltr'>et</span> <span class='ocrx_word' id='word_1_125' title='bbox 969 2781 1181 2870; x_wconf 87' lang='lat' dir='ltr'>pertineuoijs</span> 
     </span>
     <span class='ocr_line' id='line_1_16' title="bbox 2 2887 1181 2988; baseline 0.002 -34"><span class='ocrx_word' id='word_1_126' title='bbox 2 2912 3 2988; x_wconf 72' lang='lat' dir='ltr'>J</span> <span class='ocrx_word' id='word_1_127' title='bbox 63 2890 139 2957; x_wconf 84' lang='lat' dir='ltr'>nnis·</span> <span class='ocrx_word' id='word_1_128' title='bbox 132 2891 351 2978; x_wconf 81' lang='lat' dir='ltr'>Jobagrones</span> <span class='ocrx_word' id='word_1_129' title='bbox 359 2910 436 2959; x_wconf 86' lang='lat' dir='ltr'>uero</span> <span class='ocrx_word' id='word_1_130' title='bbox 446 2911 523 2960; x_wconf 87' lang='lat' dir='ltr'>suos</span> <span class='ocrx_word' id='word_1_131' title='bbox 533 2892 688 2977; x_wconf 86' lang='lat' dir='ltr'>uterque</span> <span class='ocrx_word' id='word_1_132' title='bbox 679 2910 823 2978; x_wconf 76' lang='lat' dir='ltr'>ipsorum</span> <span class='ocrx_word' id='word_1_133' title='bbox 840 2889 1014 2958; x_wconf 85' lang='lat' dir='ltr'>transierat</span> <span class='ocrx_word' id='word_1_134' title='bbox 1030 2887 1072 2956; x_wconf 89' lang='lat' dir='ltr'>ad</span> <span class='ocrx_word' id='word_1_135' title='bbox 1088 2909 1181 2957; x_wconf 87' lang='lat' dir='ltr'>suam</span> 
     </span>
     <span class='ocr_line' id='line_1_17' title="bbox 2 2989 1174 3085; baseline 0.003 -23"><span class='ocrx_word' id='word_1_136' title='bbox 2 2989 4 3062; x_wconf 87' lang='lat' dir='ltr'>l</span> <span class='ocrx_word' id='word_1_137' title='bbox 59 2997 229 3081; x_wconf 79' lang='lat' dir='ltr'>portionem</span> <span class='ocrx_word' id='word_1_138' title='bbox 260 3001 296 3066; x_wconf 90' lang='lat' dir='ltr'>in</span> <span class='ocrx_word' id='word_1_139' title='bbox 311 2999 454 3085; x_wconf 82' lang='lat' dir='ltr'>presenti</span> <span class='ocrx_word' id='word_1_140' title='bbox 486 3000 647 3067; x_wconf 90' lang='lat' dir='ltr'>diuisione</span> <span class='ocrx_word' id='word_1_141' title='bbox 680 2999 743 3066; x_wconf 86' lang='lat' dir='ltr'>sibi</span> <span class='ocrx_word' id='word_1_142' title='bbox 776 2997 990 3084; x_wconf 76' lang='lat' dir='ltr'>assignatam.</span> <span class='ocrx_word' id='word_1_143' title='bbox 1021 3000 1071 3066; x_wconf 88' lang='lat' dir='ltr'>De</span> <span class='ocrx_word' id='word_1_144' title='bbox 1087 3004 1174 3066; x_wconf 88' lang='lat' dir='ltr'>terra</span> 
     </span>
     <span class='ocr_line' id='line_1_18' title="bbox 58 3101 1181 3193; baseline 0.004 -25.758"><span class='ocrx_word' id='word_1_145' title='bbox 58 3101 196 3190; x_wconf 84' lang='lat' dir='ltr'>Zalatna,</span> <span class='ocrx_word' id='word_1_146' title='bbox 221 3126 322 3192; x_wconf 90' lang='lat' dir='ltr'>quam</span> <span class='ocrx_word' id='word_1_147' title='bbox 337 3107 493 3174; x_wconf 83' lang='lat' dir='ltr'>Nieolaus</span> <span class='ocrx_word' id='word_1_148' title='bbox 508 3107 634 3193; x_wconf 86' lang='lat' dir='ltr'>habuit,</span> <span class='ocrx_word' id='word_1_149' title='bbox 645 3107 745 3175; x_wconf 90' lang='lat' dir='ltr'>eessit</span> <span class='ocrx_word' id='word_1_150' title='bbox 761 3127 849 3174; x_wconf 89' lang='lat' dir='ltr'>nune</span> <span class='ocrx_word' id='word_1_151' title='bbox 864 3105 1020 3191; x_wconf 79' lang='lat' dir='ltr'>Magistro</span> <span class='ocrx_word' id='word_1_152' title='bbox 1038 3105 1181 3175; x_wconf 78' lang='lat' dir='ltr'>Etruolt3</span> 
     </span>
     <span class='ocr_line' id='line_1_19' title="bbox 59 3191 1178 3300; baseline 0.006 -26"><span class='ocrx_word' id='word_1_153' title='bbox 59 3217 85 3274; x_wconf 88' lang='lat' dir='ltr'>et</span> <span class='ocrx_word' id='word_1_154' title='bbox 100 3231 137 3278; x_wconf 84' lang='lat' dir='ltr'>ex</span> <span class='ocrx_word' id='word_1_155' title='bbox 151 3213 209 3281; x_wconf 90' lang='lat' dir='ltr'>illa</span> <span class='ocrx_word' id='word_1_156' title='bbox 223 3221 323 3298; x_wconf 85' lang='lat' dir='ltr'>terra,</span> <span class='ocrx_word' id='word_1_157' title='bbox 354 3233 453 3299; x_wconf 88' lang='lat' dir='ltr'>quam</span> <span class='ocrx_word' id='word_1_158' title='bbox 482 3215 633 3283; x_wconf 83' lang='lat' dir='ltr'>Puosetra</span> <span class='ocrx_word' id='word_1_159' title='bbox 665 3215 811 3300; x_wconf 86' lang='lat' dir='ltr'>tenebat,</span> <span class='ocrx_word' id='word_1_160' title='bbox 845 3213 984 3298; x_wconf 86' lang='lat' dir='ltr'>quedam</span> <span class='ocrx_word' id='word_1_161' title='bbox 1015 3191 1178 3300; x_wconf 86' lang='lat' dir='ltr'>partienla</span> 
     </span>
     <span class='ocr_line' id='line_1_20' title="bbox 2 3317 1178 3411; baseline 0.007 -31"><span class='ocrx_word' id='word_1_162' title='bbox 2 3319 3 3400; x_wconf 65' lang='grc' dir='ltr'>ξ</span> <span class='ocrx_word' id='word_1_163' title='bbox 57 3317 142 3385; x_wconf 78' lang='lat' dir='ltr'>sortis</span> <span class='ocrx_word' id='word_1_164' title='bbox 171 3322 271 3389; x_wconf 89' lang='lat' dir='ltr'>metis</span> <span class='ocrx_word' id='word_1_165' title='bbox 303 3319 466 3411; x_wconf 81' lang='lat' dir='ltr'>distinete,</span> <span class='ocrx_word' id='word_1_166' title='bbox 499 3341 597 3407; x_wconf 86' lang='lat' dir='ltr'>quam</span> <span class='ocrx_word' id='word_1_167' title='bbox 630 3332 713 3391; x_wconf 85' lang='lat' dir='ltr'>terre</span> <span class='ocrx_word' id='word_1_168' title='bbox 738 3323 877 3392; x_wconf 82' lang='lat' dir='ltr'>Zalatna</span> <span class='ocrx_word' id='word_1_169' title='bbox 896 3320 1058 3391; x_wconf 75' lang='lat' dir='ltr'>odientem</span> <span class='ocrx_word' id='word_1_170' title='bbox 1077 3321 1178 3389; x_wconf 82' lang='lat' dir='ltr'>fuisse</span> 
     </span>
     <span class='ocr_line' id='line_1_21' title="bbox 2 3421 1173 3518; baseline 0.003 -26"><span class='ocrx_word' id='word_1_171' title='bbox 2 3447 3 3492; x_wconf 87' lang='grc' dir='ltr'>ι</span> <span class='ocrx_word' id='word_1_172' title='bbox 59 3421 203 3512; x_wconf 81' lang='lat' dir='ltr'>dixerunt,</span> <span class='ocrx_word' id='word_1_173' title='bbox 220 3451 242 3498; x_wconf 90' lang='lat' dir='ltr'>a</span> <span class='ocrx_word' id='word_1_174' title='bbox 259 3437 352 3516; x_wconf 85' lang='lat' dir='ltr'>parte</span> <span class='ocrx_word' id='word_1_175' title='bbox 367 3430 447 3497; x_wconf 86' lang='lat' dir='ltr'>villo</span> <span class='ocrx_word' id='word_1_176' title='bbox 461 3437 494 3497; x_wconf 88' lang='lat' dir='ltr'>et</span> <span class='ocrx_word' id='word_1_177' title='bbox 509 3431 605 3518; x_wconf 80' lang='lat' dir='ltr'>sylus</span> <span class='ocrx_word' id='word_1_178' title='bbox 621 3430 730 3518; x_wconf 86' lang='lat' dir='ltr'>Suine,</span> <span class='ocrx_word' id='word_1_179' title='bbox 740 3431 836 3500; x_wconf 76' lang='lat' dir='ltr'>nestit</span> <span class='ocrx_word' id='word_1_180' title='bbox 852 3430 1001 3500; x_wconf 88' lang='lat' dir='ltr'>similiter</span> <span class='ocrx_word' id='word_1_181' title='bbox 1016 3430 1173 3517; x_wconf 85' lang='lat' dir='ltr'>Magistro</span> 
     </span>
     <span class='ocr_line' id='line_1_22' title="bbox 2 3529 1176 3624; baseline 0.008 -27"><span class='ocrx_word' id='word_1_182' title='bbox 2 3543 4 3622; x_wconf 61' lang='lat' dir='ltr'>g</span> <span class='ocrx_word' id='word_1_183' title='bbox 58 3529 174 3601; x_wconf 74' lang='lat' dir='ltr'>temon.</span> <span class='ocrx_word' id='word_1_184' title='bbox 208 3537 314 3605; x_wconf 78' lang='lat' dir='ltr'>&#39;l&#39;erra</span> <span class='ocrx_word' id='word_1_185' title='bbox 333 3555 410 3605; x_wconf 85' lang='lat' dir='ltr'>vero</span> <span class='ocrx_word' id='word_1_186' title='bbox 426 3538 623 3622; x_wconf 85' lang='lat' dir='ltr'>Kemeneoh,</span> <span class='ocrx_word' id='word_1_187' title='bbox 655 3545 687 3606; x_wconf 87' lang='lat' dir='ltr'>et</span> <span class='ocrx_word' id='word_1_188' title='bbox 704 3547 791 3606; x_wconf 88' lang='lat' dir='ltr'>terra</span> <span class='ocrx_word' id='word_1_189' title='bbox 817 3539 943 3607; x_wconf 85' lang='lat' dir='ltr'>Lesoau</span> <span class='ocrx_word' id='word_1_190' title='bbox 961 3559 1035 3608; x_wconf 87' lang='lat' dir='ltr'>oum</span> <span class='ocrx_word' id='word_1_191' title='bbox 1052 3540 1176 3624; x_wconf 85' lang='lat' dir='ltr'>reliqna</span> 
     </span>
     <span class='ocr_line' id='line_1_23' title="bbox 60 3643 1175 3732; baseline 0.009 -28.506"><span class='ocrx_word' id='word_1_192' title='bbox 60 3646 139 3719; x_wconf 85' lang='lat' dir='ltr'>parte</span> <span class='ocrx_word' id='word_1_193' title='bbox 155 3649 238 3711; x_wconf 84' lang='lat' dir='ltr'>terre</span> <span class='ocrx_word' id='word_1_194' title='bbox 255 3643 418 3729; x_wconf 85' lang='lat' dir='ltr'>quondam</span> <span class='ocrx_word' id='word_1_195' title='bbox 436 3645 586 3713; x_wconf 83' lang='lat' dir='ltr'>Pnosolne</span> <span class='ocrx_word' id='word_1_196' title='bbox 603 3666 624 3712; x_wconf 91' lang='lat' dir='ltr'>a</span> <span class='ocrx_word' id='word_1_197' title='bbox 640 3652 733 3732; x_wconf 87' lang='lat' dir='ltr'>parte</span> <span class='ocrx_word' id='word_1_198' title='bbox 751 3651 835 3714; x_wconf 88' lang='lat' dir='ltr'>terre</span> <span class='ocrx_word' id='word_1_199' title='bbox 867 3646 1054 3714; x_wconf 85' lang='lat' dir='ltr'>Komeueeln</span> <span class='ocrx_word' id='word_1_200' title='bbox 1084 3646 1175 3714; x_wconf 86' lang='lat' dir='ltr'>adia·</span> 
     </span>
     <span class='ocr_line' id='line_1_24' title="bbox 58 3749 1177 3838; baseline 0.006 -23.666"><span class='ocrx_word' id='word_1_201' title='bbox 58 3753 148 3832; x_wconf 82' lang='lat' dir='ltr'>oente,</span> <span class='ocrx_word' id='word_1_202' title='bbox 161 3749 317 3820; x_wconf 89' lang='lat' dir='ltr'>deuolute</span> <span class='ocrx_word' id='word_1_203' title='bbox 328 3751 656 3838; x_wconf 81' lang='lat' dir='ltr'>suntadllagistrnm</span> <span class='ocrx_word' id='word_1_204' title='bbox 666 3753 836 3822; x_wconf 77' lang='lat' dir='ltr'>Nicolaum</span> <span class='ocrx_word' id='word_1_205' title='bbox 847 3753 948 3821; x_wconf 91' lang='lat' dir='ltr'>filium</span> <span class='ocrx_word' id='word_1_206' title='bbox 958 3753 1086 3822; x_wconf 78' lang='lat' dir='ltr'>Etrueh.</span> <span class='ocrx_word' id='word_1_207' title='bbox 1099 3754 1177 3821; x_wconf 87' lang='lat' dir='ltr'>[tem</span> 
     </span>
     <span class='ocr_line' id='line_1_25' title="bbox 2 3854 1175 3949; baseline 0.011 -32"><span class='ocrx_word' id='word_1_208' title='bbox 2 3892 3 3926; x_wconf 50' lang='grc' dir='ltr'>ι</span> <span class='ocrx_word' id='word_1_209' title='bbox 59 3854 203 3936; x_wconf 85' lang='lat' dir='ltr'>medietas</span> <span class='ocrx_word' id='word_1_210' title='bbox 218 3867 306 3927; x_wconf 83' lang='lat' dir='ltr'>tetre</span> <span class='ocrx_word' id='word_1_211' title='bbox 322 3857 453 3927; x_wconf 85' lang='lat' dir='ltr'>Kulnon</span> <span class='ocrx_word' id='word_1_212' title='bbox 469 3865 519 3928; x_wconf 84' lang='lat' dir='ltr'>est</span> <span class='ocrx_word' id='word_1_213' title='bbox 534 3861 685 3946; x_wconf 74' lang='lat' dir='ltr'>Magistri</span> <span class='ocrx_word' id='word_1_214' title='bbox 706 3862 837 3949; x_wconf 66' lang='lat' dir='ltr'>Edunt,</span> <span class='ocrx_word' id='word_1_215' title='bbox 856 3868 888 3930; x_wconf 90' lang='lat' dir='ltr'>et</span> <span class='ocrx_word' id='word_1_216' title='bbox 918 3862 987 3930; x_wconf 87' lang='lat' dir='ltr'>alia</span> <span class='ocrx_word' id='word_1_217' title='bbox 1018 3861 1175 3930; x_wconf 88' lang='lat' dir='ltr'>medietas</span> 
     </span>
     <span class='ocr_line' id='line_1_26' title="bbox 2 3955 1172 4056; baseline 0.007 -29"><span class='ocrx_word' id='word_1_218' title='bbox 2 4000 5 4056; x_wconf 68' lang='lat'>3.</span> <span class='ocrx_word' id='word_1_219' title='bbox 58 3955 170 4031; x_wconf 79' lang='lat' dir='ltr'>Nioelei</span> <span class='ocrx_word' id='word_1_220' title='bbox 185 3967 245 4034; x_wconf 87' lang='lat' dir='ltr'>sub</span> <span class='ocrx_word' id='word_1_221' title='bbox 262 3965 381 4052; x_wconf 79' lang='lat' dir='ltr'>iJsdem</span> <span class='ocrx_word' id='word_1_222' title='bbox 399 3968 494 4035; x_wconf 87' lang='lat' dir='ltr'>metis</span> <span class='ocrx_word' id='word_1_223' title='bbox 494 3968 636 4053; x_wconf 84' lang='lat' dir='ltr'>,quibes</span> <span class='ocrx_word' id='word_1_224' title='bbox 661 3969 819 4037; x_wconf 87' lang='lat' dir='ltr'>haetenus</span> <span class='ocrx_word' id='word_1_225' title='bbox 843 3970 1066 4055; x_wconf 86' lang='lat' dir='ltr'>possederunt</span> <span class='ocrx_word' id='word_1_226' title='bbox 1091 3969 1172 4036; x_wconf 89' lang='lat' dir='ltr'>Item</span> 
     </span>
     <span class='ocr_line' id='line_1_27' title="bbox 59 4065 1181 4162; baseline -0.003 -16.145"><span class='ocrx_word' id='word_1_227' title='bbox 59 4065 199 4138; x_wconf 70' lang='lat' dir='ltr'>nedem</span> <span class='ocrx_word' id='word_1_228' title='bbox 226 4073 305 4142; x_wconf 83' lang='lat' dir='ltr'>ville</span> <span class='ocrx_word' id='word_1_229' title='bbox 320 4080 353 4140; x_wconf 89' lang='lat' dir='ltr'>et</span> <span class='ocrx_word' id='word_1_230' title='bbox 367 4081 455 4142; x_wconf 90' lang='lat' dir='ltr'>terra</span> <span class='ocrx_word' id='word_1_231' title='bbox 478 4076 662 4144; x_wconf 80' lang='lat' dir='ltr'>Terbedied</span> <span class='ocrx_word' id='word_1_232' title='bbox 686 4078 784 4146; x_wconf 83' lang='lat' dir='ltr'>nessii</span> <span class='ocrx_word' id='word_1_233' title='bbox 808 4077 968 4160; x_wconf 78' lang='lat' dir='ltr'>Magistro</span> <span class='ocrx_word' id='word_1_234' title='bbox 995 4077 1126 4162; x_wconf 80' lang='lat' dir='ltr'>Etruoh,</span> <span class='ocrx_word' id='word_1_235' title='bbox 1145 4082 1181 4144; x_wconf 91' lang='lat' dir='ltr'>et</span> 
     </span>
     <span class='ocr_line' id='line_1_28' title="bbox 2 4169 1175 4266; baseline 0.014 -30"><span class='ocrx_word' id='word_1_236' title='bbox 2 4180 4 4260; x_wconf 72' lang='lat' dir='ltr'>J</span> <span class='ocrx_word' id='word_1_237' title='bbox 60 4169 116 4240; x_wconf 81' lang='lat' dir='ltr'>aha</span> <span class='ocrx_word' id='word_1_238' title='bbox 128 4176 285 4248; x_wconf 81' lang='lat' dir='ltr'>medietas</span> <span class='ocrx_word' id='word_1_239' title='bbox 300 4178 449 4248; x_wconf 84' lang='lat' dir='ltr'>Nioolao.</span> <span class='ocrx_word' id='word_1_240' title='bbox 467 4180 575 4249; x_wconf 88' lang='lat' dir='ltr'>Item</span> <span class='ocrx_word' id='word_1_241' title='bbox 565 4203 599 4250; x_wconf 88' lang='lat' dir='ltr'>ru</span> <span class='ocrx_word' id='word_1_242' title='bbox 616 4191 703 4253; x_wconf 84' lang='lat' dir='ltr'>terra</span> <span class='ocrx_word' id='word_1_243' title='bbox 724 4185 836 4252; x_wconf 88' lang='lat' dir='ltr'>Kooho</span> <span class='ocrx_word' id='word_1_244' title='bbox 865 4183 1023 4266; x_wconf 82' lang='lat' dir='ltr'>Magister</span> <span class='ocrx_word' id='word_1_245' title='bbox 1054 4184 1175 4252; x_wconf 79' lang='lat' dir='ltr'>iltrueh</span> 
     </span>
     <span class='ocr_line' id='line_1_29' title="bbox 2 4275 1177 4378; baseline 0.014 -34"><span class='ocrx_word' id='word_1_246' title='bbox 2 4291 4 4378; x_wconf 68' lang='lat' dir='ltr'><em>J</em></span> <span class='ocrx_word' id='word_1_247' title='bbox 60 4275 143 4349; x_wconf 87' lang='lat' dir='ltr'>habet</span> <span class='ocrx_word' id='word_1_248' title='bbox 153 4287 290 4355; x_wconf 86' lang='lat' dir='ltr'>eandem</span> <span class='ocrx_word' id='word_1_249' title='bbox 306 4294 443 4377; x_wconf 85' lang='lat' dir='ltr'>partem,</span> <span class='ocrx_word' id='word_1_250' title='bbox 459 4308 557 4373; x_wconf 86' lang='lat' dir='ltr'>quam</span> <span class='ocrx_word' id='word_1_251' title='bbox 575 4292 664 4376; x_wconf 88' lang='lat' dir='ltr'>prins</span> <span class='ocrx_word' id='word_1_252' title='bbox 680 4291 795 4359; x_wconf 87' lang='lat' dir='ltr'>habuit</span> <span class='ocrx_word' id='word_1_253' title='bbox 810 4293 906 4360; x_wconf 88' lang='lat' dir='ltr'>metis</span> <span class='ocrx_word' id='word_1_254' title='bbox 924 4277 1128 4375; x_wconf 65' lang='lat' dir='ltr'>distinctam</span> <span class='ocrx_word' id='word_1_255' title='bbox 1146 4299 1177 4360; x_wconf 90' lang='lat' dir='ltr'>et</span> 
     </span>
     <span class='ocr_line' id='line_1_30' title="bbox 59 4383 1179 4488; baseline 0.014 -34.177"><span class='ocrx_word' id='word_1_256' title='bbox 59 4383 199 4463; x_wconf 84' lang='lat' dir='ltr'>llinolane</span> <span class='ocrx_word' id='word_1_257' title='bbox 231 4395 331 4464; x_wconf 83' lang='lat' dir='ltr'>habet</span> <span class='ocrx_word' id='word_1_258' title='bbox 360 4396 513 4466; x_wconf 86' lang='lat' dir='ltr'>similiter</span> <span class='ocrx_word' id='word_1_259' title='bbox 551 4400 688 4469; x_wconf 88' lang='lat' dir='ltr'>eandem</span> <span class='ocrx_word' id='word_1_260' title='bbox 719 4400 918 4488; x_wconf 80' lang='lat' dir='ltr'>portionem,</span> <span class='ocrx_word' id='word_1_261' title='bbox 951 4419 1049 4486; x_wconf 88' lang='lat' dir='ltr'>quam</span> <span class='ocrx_word' id='word_1_262' title='bbox 1088 4401 1179 4486; x_wconf 75' lang='lat' dir='ltr'>prius</span> 
     </span>
     <span class='ocr_line' id='line_1_31' title="bbox 2 4491 1173 4600; baseline 0.012 -36"><span class='ocrx_word' id='word_1_263' title='bbox 2 4563 3 4578; x_wconf 26' lang='lat' dir='ltr'>J</span> <span class='ocrx_word' id='word_1_264' title='bbox 61 4491 185 4600; x_wconf 72' lang='lat' dir='ltr'>latebat</span> <span class='ocrx_word' id='word_1_265' title='bbox 202 4504 297 4572; x_wconf 90' lang='lat' dir='ltr'>metis</span> <span class='ocrx_word' id='word_1_266' title='bbox 312 4513 511 4591; x_wconf 84' lang='lat' dir='ltr'>separatam.</span> <span class='ocrx_word' id='word_1_267' title='bbox 530 4509 571 4573; x_wconf 86' lang='lat' dir='ltr'>Et</span> <span class='ocrx_word' id='word_1_268' title='bbox 591 4509 822 4596; x_wconf 86' lang='lat' dir='ltr'>molendinum,</span> <span class='ocrx_word' id='word_1_269' title='bbox 840 4508 927 4594; x_wconf 88' lang='lat' dir='ltr'>qnod</span> <span class='ocrx_word' id='word_1_270' title='bbox 941 4507 1015 4578; x_wconf 88' lang='lat' dir='ltr'>est’</span> <span class='ocrx_word' id='word_1_271' title='bbox 1005 4529 1040 4577; x_wconf 89' lang='grc' dir='ltr'>ιιι</span> <span class='ocrx_word' id='word_1_272' title='bbox 1054 4507 1173 4578; x_wconf 84' lang='lat' dir='ltr'>Kokov</span> 
     </span>
     <span class='ocr_line' id='line_1_32' title="bbox 2 4603 1176 4705; baseline 0.012 -32"><span class='ocrx_word' id='word_1_273' title='bbox 2 4609 3 4630; x_wconf 79' lang='lat'>³</span> <span class='ocrx_word' id='word_1_274' title='bbox 62 4603 136 4674; x_wconf 72' lang='lat' dir='ltr'>lutto</span> <span class='ocrx_word' id='word_1_275' title='bbox 150 4612 322 4682; x_wconf 77' lang='lat' dir='ltr'>ecelesiam</span> <span class='ocrx_word' id='word_1_276' title='bbox 347 4614 447 4684; x_wconf 83' lang='lat' dir='ltr'>oensit</span> <span class='ocrx_word' id='word_1_277' title='bbox 477 4616 634 4700; x_wconf 77' lang='lat' dir='ltr'>Magistro</span> <span class='ocrx_word' id='word_1_278' title='bbox 666 4617 806 4705; x_wconf 76' lang='lat' dir='ltr'>Etruoh3</span> <span class='ocrx_word' id='word_1_279' title='bbox 829 4618 920 4688; x_wconf 90' lang='lat' dir='ltr'>aliud</span> <span class='ocrx_word' id='word_1_280' title='bbox 957 4617 1176 4688; x_wconf 84' lang='lat' dir='ltr'>molendinum</span> 
     </span>
    </p>
   </div>
   <div class='ocr_carea' id='block_1_4' title="bbox 62 4711 1183 4817">
    <p class='ocr_par' dir='ltr' id='par_1_4' title="bbox 62 4711 1183 4817">
     <span class='ocr_line' id='line_1_33' title="bbox 62 4711 1183 4817; baseline 0.007 -27"><span class='ocrx_word' id='word_1_281' title='bbox 62 4711 135 4790; x_wconf 79' lang='lat' dir='ltr'>quod</span> <span class='ocrx_word' id='word_1_282' title='bbox 148 4725 195 4786; x_wconf 89' lang='lat' dir='ltr'>est</span> <span class='ocrx_word' id='word_1_283' title='bbox 211 4719 352 4792; x_wconf 88' lang='lat' dir='ltr'>ibidem</span> <span class='ocrx_word' id='word_1_284' title='bbox 342 4721 560 4824; x_wconf 76' lang='lat' dir='ltr'>induendis</span> <span class='ocrx_word' id='word_1_285' title='bbox 552 4723 708 4817; x_wconf 73' lang='lat' dir='ltr'>inferiori,</span> <span class='ocrx_word' id='word_1_286' title='bbox 726 4727 823 4798; x_wconf 79' lang='lat' dir='ltr'>cessit</span> <span class='ocrx_word' id='word_1_287' title='bbox 838 4727 996 4816; x_wconf 75' lang='lat' dir='ltr'>Magistro</span> <span class='ocrx_word' id='word_1_288' title='bbox 1012 4726 1183 4800; x_wconf 82' lang='lat' dir='ltr'>Nioolao.</span> 
     </span>
    </p>
   </div>
   <div class='ocr_carea' id='block_1_5' title="bbox 0 0 1556 5202">
    <p class='ocr_par' dir='ltr' id='par_1_5' title="bbox 0 0 1556 5202">
     <span class='ocr_line' id='line_1_34' title="bbox 0 0 1556 5202; baseline 0 0"><span class='ocrx_word' id='word_1_289' title='bbox 0 0 1556 5202; x_wconf 95' lang='lat' dir='ltr'> </span> 
     </span>
    </p>
   </div>
  </div>
 </body>
</html>
