3190 5190
585 299 746 396 *igr*

21 495 22 512 i
125 516 211 562 seusu
226 500 256 562 et
284 464 447 559 voldntate
463 489 542 557 dicti
559 491 680 556 domini
698 491 815 574 Regis;
842 495 873 556 et
890 491 918 557 si
935 490 1106 574 contigerit
1121 489 1228 573 ipsum

21 593 22 670 J
125 605 233 685 Regem
247 599 350 668 iacere
366 605 464 686 pacta
480 599 534 665 rel
544 606 691 682 treguam
707 617 780 664 cnm
796 595 950 682 predicta
964 601 1054 664 terra
1064 593 1227 683 Dalmiuii,

21 749 22 766 2
126 708 344 778 Universiletes
367 703 533 793 predictas
558 705 592 771 in
609 704 698 773 dicta
723 724 806 791 pace
822 709 855 770 et
869 710 984 788 tregua
999 721 1123 789 ponere
1140 710 1226 769 tene·

126 823 197 884 atur.
211 815 288 880 Item
303 813 389 896 quod
407 812 512 879 dicius
530 811 679 879 dominus
694 812 765 878 Rex
780 810 912 878 habebit
929 830 989 897 pru
1015 809 1089 896 ipsa
1113 827 1231 892 guerra

21 907 23 986 ῗ
127 919 258 989 iacienda
286 939 388 1003 usque
418 916 462 986 ed
492 918 589 986 finem
622 919 726 1005 ipsius
756 937 872 1002 guerre
903 917 986 985 dnus
1006 920 1130 1004 galeas,
1147 917 1232 986 bene

21 989 23 1080 i
125 1037 252 1098 armatas
265 1026 460 1115 hominibus,
476 1025 576 1093 armis
593 1034 626 1121 et
635 1025 711 1095 aliis
726 1024 947 1106 neccessariio,
965 1025 1060 1091 annis
1077 1024 1229 1109 singulis,

21 1089 24 1206 ῒ
120 1136 224 1217 quibus
253 1133 338 1202 dicta
370 1154 488 1218 guerra
520 1132 662 1220 durabit,
695 1154 716 1199 a
746 1130 899 1200 kalendis
914 1131 1038 1217 Aprilis
1064 1151 1166 1217 usque
1182 1134 1226 1198 ad

21 1207 23 1322 ξ
114 1240 221 1310 lectum
251 1241 402 1309 Omnium
433 1241 624 1309 Sanctorum
657 1241 691 1307 in
707 1239 773 1307 illis
788 1241 879 1327 locis,
896 1239 930 1306 in
946 1239 1064 1325 quibus
1079 1238 1228 1327 predicta

120 1368 224 1432 guerre
239 1347 390 1417 iacienda
408 1350 589 1434 (lapitanco
605 1356 640 1416 et
656 1349 774 1416 Comiti
790 1347 966 1416 Galearum
981 1349 1126 1434 ipsarum
1142 1345 1234 1416 meli·

21 1473 27 1536 ᾗ
118 1476 150 1522 us
178 1455 330 1524 ridebitur
365 1455 530 1542 expedire.
562 1457 645 1522 Item
661 1454 748 1539 quod
768 1455 876 1522 dictus
893 1455 1042 1522 dominus
1057 1456 1126 1521 Rex
1145 1474 1230 1522 ccm-

120 1561 249 1630 nodabit
272 1562 361 1630 dicte
376 1563 589 1631 Universitati
611 1562 736 1649 Spoleti
762 1563 844 1630 dnus
870 1564 992 1648 galeae,
1019 1582 1093 1629 cum
1120 1561 1228 1629 oticsis

21 1653 26 1746 i
117 1675 145 1736 et
158 1669 290 1738 corredis
322 1669 479 1738 sunnine
498 1668 693 1756 hominibus,
710 1688 815 1754 usqne
831 1669 873 1737 ud
889 1668 985 1738 finem
1002 1667 1087 1735 dicte
1103 1687 1230 1752 guerre.

119 1774 190 1842 Item
204 1775 287 1859 quod
303 1776 392 1844 idem
408 1773 560 1844 dominus
575 1778 645 1844 Rex
660 1775 878 1846 commodabit
903 1775 990 1843 dicte
1016 1775 1230 1844 Universitati

21 1921 23 1964 t
122 1882 252 1952 Silenici
285 1903 387 1952 unam
419 1883 560 1970 galeam,
595 1885 753 1951 munitum
785 1885 896 1953 offesis
927 1892 961 1953 et
998 1883 1143 1952 corredis
1188 1882 1232 1950 ud

21 1987 23 2074 ζ
118 1991 341 2077 ‘navigandum
358 1989 429 2059 sine
444 1989 643 2078 hominibus,
661 2011 763 2075 usque
787 1990 830 2057 ad
861 1995 957 2060 linem
989 1991 1076 2058 dicte
1106 2010 1230 2076 guerre.

21 2133 23 2194 3
116 2098 188 2163 item
212 2096 297 2182 quod
313 2096 404 2165 dicte
428 2094 665 2164 Universitates
680 2098 787 2164 dictus
802 2106 869 2165 tres
885 2099 999 2184 galeas
1015 2098 1078 2165 sibi
1094 2117 1233 2165 commo·

21 2219 22 2256 2
110 2205 197 2272 dutus
211 2226 231 2273 a
246 2205 337 2273 dicto
369 2202 503 2271 domino
532 2205 623 2289 Rege
653 2205 809 2274 tenebunt
825 2212 857 2272 et
888 2206 1055 2275 habebunt
1086 2214 1233 2274 armatas

21 2275 25 2372 i
114 2332 204 2396 usqne
234 2311 277 2378 ad
308 2311 409 2378 finem
434 2312 538 2397 ipsius
555 2331 685 2400 guerre,
697 2312 741 2380 ad
760 2311 944 2382 iaciendum
959 2317 1064 2400 ipsum
1080 2333 1233 2398 guerram

109 2419 198 2486 simul
214 2438 285 2486 cnm
302 2418 462 2504 predictis
478 2419 584 2503 galeis
599 2419 704 2503 ipsius
720 2419 843 2488 domini
860 2421 971 2506 Regis,
998 2420 1084 2504 quod
1109 2427 1232 2504 presta·

108 2526 179 2594 bunt
192 2529 226 2593 in
251 2528 340 2594 mari
355 2547 428 2594 cnm
444 2527 518 2595 aliis
548 2527 663 2614 galeis,
696 2535 729 2595 et
752 2536 846 2596 erunt
876 2529 1027 2598 continue
1058 2537 1184 2598 armate
1200 2538 1233 2596 et

101 2636 220 2703 munite
230 2636 340 2703 donec
355 2632 500 2718 predicte
510 2634 606 2719 galee
620 2635 724 2720 ipsius
740 2635 861 2703 domini
877 2635 977 2720 Regis
995 2635 1228 2706 eruntibidem.

106 2741 179 2808 Item
205 2744 294 2828 quod
322 2741 470 2828 predicte
493 2742 727 2811 Universitates
759 2743 849 2810 finita
866 2743 954 2809 dicta
969 2762 1088 2826 guerra
1102 2745 1231 2812 restitu-

27 2845 35 2853 '
106 2860 156 2918 ent
170 2853 277 2919 dictas
294 2851 413 2934 galeas
430 2869 503 2917 cunr
521 2851 630 2920 oiiesis
647 2857 680 2916 et
696 2851 838 2919 corrodis
854 2857 886 2918 et
902 2851 977 2918 aliis
999 2853 1231 2935 guernimentis

21 2929 23 3032 i
103 2977 181 3042 eque
210 2959 307 3026 bonis
347 2957 431 3024 sicud
469 2957 660 3044 receperint,
693 2965 725 3025 et
757 2957 1001 3026 accommodato
1034 2978 1055 3025 a
1085 2957 1232 3044 predicto

21 3093 24 3210 q
105 3062 232 3133 domino
264 3065 376 3149 Rege;
399 3063 443 3130 ad
459 3063 521 3132 hoc
540 3065 770 3149 obligaverunt
785 3084 822 3131 se
839 3066 916 3133 dicti
948 3064 1068 3134 sindici
1098 3067 1233 3134 nominc

21 3213 23 3242 r
107 3169 261 3240 dictarum
271 3170 544 3257 Universitatum,
562 3179 594 3238 et
606 3173 696 3259 ipsas
708 3172 944 3240 Universitutes
962 3179 993 3240 et
1009 3191 1062 3240 res
1077 3173 1234 3259 ipsarum,

21 3251 23 3386 ξ
100 3297 183 3360 ques
198 3279 319 3364 galeas
336 3278 509 3346 restituere
525 3286 697 3347 teneantur
712 3279 846 3367 ibidem,
865 3279 1018 3348 videlicet
1033 3280 1067 3346 in
1084 3282 1233 3365 partibus

21 3387 23 3484 ξ
91 3385 323 3470 *predictarum
355 3385 612 3455 Universitatum
643 3388 687 3455 ad
718 3388 963 3472 requisitionem
992 3387 1095 3475 ipsius
1113 3390 1233 3458 domini

21 3487 23 3576 r
103 3494 204 3581 Regis,
219 3493 444 3581 promiserunt
461 3502 493 3563 et
517 3495 746 3580 obligaverunt
776 3515 812 3564 se
841 3496 919 3564 dicti
952 3496 1069 3564 sindici
1101 3501 1232 3566 nominc

21 3607 23 3690 g
97 3601 241 3686 ipserum
259 3601 520 3670 Universitatum
538 3609 570 3670 et
585 3602 677 3692 ipsas
693 3603 929 3674 Universitates
943 3621 1094 3688 guerram
1127 3607 1233 3689 ipsam
1267 3613 1273 3625 '

21 3695 23 3752 ἰ
101 3702 207 3773 lacere
223 3706 396 3774 bonafide
413 3714 444 3774 et
459 3707 531 3775 sine
547 3708 660 3793 eliqua
675 3707 792 3778 ircude
807 3708 952 3795 predicte
966 3715 1052 3776 terre
1068 3709 1231 3778 Dalmesii

21 3809 23 3860 3
98 3829 167 3879 cum
198 3811 278 3880 aliis
312 3813 412 3897 lignis
443 3816 521 3900 suis,
552 3822 648 3903 prout
679 3817 796 3884 melius
826 3822 987 3903 poterunt,
1006 3823 1038 3882 et
1054 3817 1153 3883 ctiam
1172 3836 1229 3901 per

21 3919 23 3942 ³
100 3923 232 3986 terram.
274 3919 359 3987 Item
398 3920 486 4005 quod
517 3923 547 3988 si
581 3922 779 4010 contingerit
811 3922 943 4009 aliquod
974 3922 1098 3991 lucrum
1130 3922 1238 3991 iacere
1292 3909 1296 3916 ¹

21 4103 22 4112 ἵ
96 4043 155 4108 per
187 4026 302 4093 dictas
334 4027 450 4111 galeas
481 4026 523 4095 de
554 4029 703 4115 predicta
734 4037 822 4098 terra
851 4030 1013 4099 Dalmasii
1044 4036 1078 4097 et
1107 4030 1236 4100 coadiu-

21 4127 23 4158 ³
98 4133 224 4202 iuribus
257 4134 341 4220 suis,
382 4133 546 4204 dividetur
577 4137 661 4205 illud
692 4139 816 4205 lucrum
850 4138 1009 4223 equaliter
1048 4138 1133 4206 inter
1171 4157 1238 4224 eus,

21 4283 23 4336 r
99 4240 146 4308 ite
170 4241 267 4324 qnod
303 4239 421 4310 Comiti
452 4243 628 4312 Galearum
658 4243 761 4331 ipsius
793 4245 915 4313 domini
943 4244 1041 4332 Regis
1073 4245 1236 4331 accipiant

92 4347 231 4416 nomine
274 4350 378 4435 ipsius
416 4350 539 4419 domini
569 4351 669 4439 Regis
699 4358 826 4436 partem
857 4355 963 4441 ipsum
995 4351 1236 4438 contingentem

97 4473 158 4538 pro
199 4453 290 4540 ipsis
328 4457 443 4543 galcis,
485 4465 516 4527 et
555 4459 596 4526 de
634 4461 707 4546 ipso
745 4461 834 4530 lucro
869 4460 1044 4548 disponant
1075 4459 1151 4528 dicti
1177 4457 1237 4526 Oo-

91 4561 165 4627 mlti
202 4564 389 4632 secundum
419 4566 621 4635 uoluntatem
653 4568 757 4653 ipsius
788 4569 911 4637 domini
941 4571 1059 4657 Regis;
1092 4573 1124 4636 et
1153 4568 1240 4652 quud
