3142 5198
386 981 452 1046 L„
480 957 533 1066 'p‘
908 928 985 998 415.

379 1128 510 1214 mag
525 1066 815 1214 clorcaclybz'roook
827 1132 997 1218 percaeca
1021 1153 1042 1194 a
1073 1131 1249 1220 ceaaprtmi
1279 1132 1489 1220 aspectante,

381 1237 463 1322 hopy
479 1235 627 1324 biaooyoa
645 1260 742 1324 perca
766 1239 890 1326 ttpybea
922 1239 1014 1306 elo'ttc
1044 1262 1084 1304 aa
1115 1240 1278 1324 olpereaelc
1311 1239 1491 1326 miridjeoelr,

712 1347 1054 1421 laeam-roret.

492 1539 579 1609 Viris
617 1540 768 1611 discretis
809 1539 960 1629 capitulo
993 1541 1140 1612 Ecclesia
1171 1542 1433 1631 wesprimiensis
1460 1545 1491 1612 li.

293 1661 297 1674 ’
381 1645 561 1717 Viceiudex
577 1650 652 1716 aule
667 1649 769 1736 Regie
785 1651 1030 1718 inclinacionem
1047 1657 1079 1717 et
1103 1651 1335 1718 reucrcnciam.
1376 1651 1491 1738 Signifi-

379 1779 490 1827 camus
506 1763 613 1825 nestra
629 1756 855 1846 Vniuersitati,
885 1755 970 1842 quod
996 1757 1133 1825 Michael
1150 1757 1306 1842 Magister
1321 1757 1435 1825 citarat
1456 1758 1492 1823 ad

379 1875 521 1936 nostram
538 1865 741 1952 presenciam
758 1865 874 1935 iratres
890 1887 965 1936 suos
983 1866 1068 1934 Aous
1085 1873 1117 1934 et
1133 1865 1332 1953 Dionisium,
1343 1875 1377 1934 et
1392 1867 1493 1934 obicie-

302 1972 307 1982 '
381 1978 437 2044 bat
453 1976 561 2044 taliter
577 1982 690 2042 contra
706 1975 851 2061 eosdem,
868 1974 954 2061 qnod
970 1980 1083 2064 terras,
1101 1996 1184 2060 quas
1192 1981 1286 2062 pater
1302 1974 1439 2060 ipsorum
1454 1974 1493 2041 eis

381 2083 565 2171 reliquerat,
593 2075 771 2152 diuidendo
787 2085 851 2172 ipsi
869 2085 1201 2174 recompensacionem
1218 2081 1371 2151 iecissent
1387 2085 1419 2150 in
1433 2101 1493 2168 eya

381 2190 453 2258 dem
471 2193 578 2278 terris,
594 2190 641 2258 ita
658 2193 743 2276 quod
759 2200 879 2260 terram
895 2194 1036 2259 Zemena
1051 2213 1125 2260 cunr
1143 2191 1356 2278 pertinencijs
1371 2191 1414 2257 ad
1430 2210 1492 2256 ean·

380 2298 454 2367 dem
470 2298 622 2368 Michaeli
646 2299 803 2383 Magistro
820 2299 1006 2384 dedissent3
1032 2304 1064 2366 et
1078 2299 1216 2365 Michael
1232 2299 1393 2385 Magister
1420 2297 1494 2363 elice

379 2408 446 2494 bat,
470 2405 556 2488 quod
572 2413 694 2473 terram
710 2402 872 2494 Wcrchap
889 2412 923 2474 et
937 2405 1047 2474 villam
1065 2405 1203 2473 Herbort
1233 2405 1432 2491 pertinentes
1458 2404 1493 2472 nd

379 2513 553 2579 Zemenam
570 2513 611 2579 ab
628 2534 667 2581 eo
682 2515 893 2599 recepissent.
932 2511 1052 2580 Contra
1076 2532 1170 2596 quem
1186 2515 1275 2581 Acus
1291 2523 1324 2581 et
1340 2512 1493 2580 Dionisins

275 2607 278 2614 ⁴
380 2619 541 2704 dicebant,
572 2621 657 2704 quod
688 2621 747 2688 illa
763 2619 883 2688 dinisio
900 2619 1014 2688 suisset
1031 2622 1077 2688 eis
1092 2620 1251 2687 uiolenter
1267 2621 1359 2688 facta
1375 2629 1406 2687 et
1436 2639 1491 2686 non

380 2731 473 2816 iuste,
500 2735 608 2796 tamen
627 2728 807 2818 'dicebant
840 2728 925 2814 quod
956 2729 1045 2795 illam
1076 2726 1268 2797 diuisionem
1300 2727 1493 2796 sustinerent.

380 2835 522 2905 Michael
538 2855 615 2904 vero
631 2835 789 2923 Magister
805 2836 922 2904 litteris
954 2834 1226 2903 testimonialibus
1259 2834 1415 2921 Capituli,
1440 2837 1492 2902 Ro
1559 2840 1561 2846 ’

380 2945 463 3013 berti
480 2952 512 3013 et
527 2945 725 3013 Bartolomei
741 2945 973 3034 Episcoporum
1005 2944 1315 3030 Wesprimiensium,
1346 2964 1406 3011 nec
1435 2964 1490 3010 non
1559 2935 1561 3000 l

377 3052 494 3122 litteris
509 3053 823 3138 consanguineorum
842 3053 1014 3121 eorundem
1030 3057 1116 3120 Aous
1132 3057 1165 3118 et
1180 3052 1322 3136 Dionisij
1341 3052 1419 3118 satis
1429 3071 1491 3130 con·
1556 3092 1561 3144 t

379 3163 532 3229 decenter
547 3161 778 3248 comprobauit,
811 3163 901 3228 illum
918 3161 1111 3228 diuisionem
1126 3160 1275 3246 partibus
1301 3161 1491 3228 consencien·
1559 3165 1561 3234 t

378 3271 466 3336 tibus
482 3271 565 3337 inter
580 3290 617 3337 sc
633 3268 789 3337 extitisse.
829 3269 923 3336 Vnde
939 3289 997 3336 nos
1014 3267 1120 3335 taliter
1152 3267 1388 3351 intelleximus,
1417 3263 1491 3352 qnod

378 3377 421 3445 oe
437 3379 585 3462 cognatis
593 3375 762 3445 Michaelis
773 3377 920 3463 Magistri
931 3376 1097 3442 Arnoldus
1109 3375 1233 3460 Comes,
1251 3375 1492 3456 HoholtGomcs,
1560 3411 1561 3418 κ

379 3482 463 3551 Mled
479 3482 602 3567 (lomes,
632 3491 665 3550 et
681 3483 818 3552 Michael
834 3484 993 3569 Magister
1019 3483 1153 3568 ipsimet
1177 3481 1211 3546 in
1237 3484 1363 3548 octauis
1393 3479 1493 3547 Sancti

379 3592 511 3660 Martini
526 3599 709 3677 prestarent
725 3599 965 3659 sacramentum
982 3611 1090 3659 coram
1108 3587 1200 3660 vobis
1216 3609 1315 3674 super
1330 3587 1400 3677 hoc,
1413 3585 1491 3673 qood
1559 3651 1561 3662 ,

379 3699 536 3782 Magister
552 3699 691 3766 Michael
706 3707 827 3766 rectam
845 3707 878 3766 et
893 3701 1021 3784 plenam
1039 3699 1174 3766 fecisset
1189 3696 1383 3764 diuisionem
1398 3695 1493 3761 fratri-

379 3811 439 3874 bus
455 3807 534 3892 sois,
559 3805 682 3876 scilicet
697 3811 785 3877 Acus
801 3814 833 3876 et
848 3808 1003 3876 Dionisio.
1027 3808 1118 3875 Siout
1135 3806 1238 3874 eciam
1272 3825 1378 3872 eoram
1410 3801 1492 3870 vobis

378 3918 495 4003 agitur,
528 3916 561 3982 in
578 3918 693 3984 vestris
710 3916 827 3986 litteris
844 3916 938 3984 nobis
954 3917 1161 3984 remandetis.
1201 3913 1382 3983 Pristaldus
1407 3913 1490 3978 lruins

380 4023 427 4093 rei
443 4027 570 4095 Matias.

486 4134 644 4203 Klvtil:
671 4135 792 4204 Contra
807 4135 1000 4203 Michaclem
1017 4135 1205 4219 Magistrum
1231 4132 1363 4200 fratrem
1393 4126 1491 4197 Bnntrl

378 4242 806 4327 coronamentorum
824 4277 867 4290 -
886 4279 926 4292 -
944 4281 988 4294 -·
1007 4281 1050 4294 ›-

380 4407 719 4472 (Eredetienornartyan,
750 4407 933 4472 aztrpeeaet
964 4411 1116 4476 elveszett;
1148 4425 1165 4461 a
1192 4409 1279 4461 budai
1296 4407 1350 4458 kin.
1378 4401 1492 4456 romani

844 4499 1039 4570 leveltirban.)

805 4679 1072 4696 Μ..
