3096 5202
627 1037 702 1108 234.

7 1189 9 1318 ἶ
71 1231 75 1238 ’
101 1235 349 1326 Aeomoqyudri
364 1239 563 1308 kouveutuek
585 1242 857 1330 dizonysdplouele,
882 1247 965 1332 kopp
992 1246 1068 1313 litui
1094 1243 1227 1312 Sdodor

7 1369 9 1404 ε
103 1365 197 1411 aenaea
222 1347 321 1430 defle
339 1348 463 1416 Bellias
479 1349 550 1415 toto
566 1350 687 1434 azotios,
717 1349 929 1438 azdotdftildet
946 1353 979 1419 da
1003 1353 1225 1441 matomtetye

542 1457 646 1525 aalide.
671 1459 770 1526 1279.

200 1649 392 1722 conuentus
408 1652 594 1738 Monastorij
613 1653 726 1722 Sancti
741 1654 849 1740 Egidij
868 1652 908 1723 de
924 1655 1060 1740 Simigio
1071 1656 1222 1727 omnibns

7 1763 8 1782 ³
103 1753 214 1827 curisti
231 1759 387 1828 fidelibus
403 1761 608 1847 presentibus
625 1761 747 1849 pariter
763 1769 797 1830 et
812 1761 928 1831 tuturis
943 1770 1110 1849 presentes
1142 1765 1224 1835 litte·
1298 1807 1302 1813 ·

7 1865 12 1880 ·“
102 1884 150 1934 rau
164 1865 360 1954 inspecturis
375 1868 515 1936 salutern
531 1867 565 1935 iu
591 1868 709 1936 salutis
740 1874 881 1938 auctore.
921 1868 972 1935 Ad
1003 1870 1223 1941 uniuersorum
1295 1903 1298 1916 ·

101 1973 246 2043 noticiam
264 1982 378 2045 tenore
393 1977 595 2063 presencium
611 1975 759 2045 volumus
777 1977 973 2063 peruenire:
991 1979 1079 2063 quod
1110 1979 1224 2048 Comes

7 2069 9 2124 7
100 2061 279 2152 Alexander
297 2083 383 2154 filins
398 2084 507 2152 Endre
523 2084 565 2151 de
581 2083 650 2172 Ita,
667 2092 699 2152 et
715 2083 845 2155 Blasius
860 2085 946 2154 filius
963 2105 1050 2172 suus,
1082 2088 1126 2154 ab
1156 2109 1223 2156 una

7 2245 8 2276 2
91 2173 203 2278 ¹parim
225 2191 419 2260 Dominiune
434 2191 518 2259 iilius
534 2190 693 2278 Stephani
710 2192 925 2278 personaliter
940 2212 1003 2280 pro
1034 2215 1070 2263 se
1100 2201 1133 2264 et
1162 2217 1222 2282 pro
1249 2213 1253 2216 ·

7 2295 9 2372 ῗ
102 2297 258 2367 Clemente
272 2300 382 2368 fratre
396 2319 466 2388 suo,
496 2299 631 2368 Henohe
646 2299 778 2385 iobagio
793 2299 900 2370 castri
916 2302 956 2368 de
971 2301 1053 2370 villa
1082 2301 1222 2372 Zeuleua

7 2407 10 2498 ᾗ
102 2407 310 2489 personaliter
323 2421 382 2498 pro
398 2427 445 2495 so,
476 2407 650 2494 Lamperto
675 2414 708 2474 et
740 2408 856 2493 ipolito
888 2407 965 2494 uttjs
995 2409 1073 2496 suis,
1106 2409 1221 2478 Benke

7 2499 9 2608 ᾖ
101 2513 178 2584 ilius
192 2515 372 2584 Volkemer
387 2515 428 2585 de
444 2515 559 2584 eadem
576 2515 657 2584 vilia
673 2515 811 2584 Zeuleus
826 2537 867 2583 ex
877 2516 1000 2602 aitera3
1019 2517 1063 2584 ad
1074 2525 1219 2587 nostram

101 2621 284 2693 aooodeutes
294 2623 509 2710 protendam,
526 2623 715 2692 Dominious
725 2624 808 2692 tilius
818 2624 867 2692 St.
879 2626 920 2692 de
930 2625 1098 2694 uoluntate
1108 2626 1220 2696 fratris

101 2731 145 2798 sui
160 2731 311 2800 uendidit
326 2731 455 2800 vineam
471 2750 564 2799 snam
581 2751 652 2797 oum
668 2737 757 2798 terra
772 2749 832 2798 sua
847 2733 1010 2817 oontigua'
1033 2733 1095 2802 sibi
1126 2735 1217 2803 edia-

102 2844 195 2925 oente‚
209 2845 355 2925 emptam
370 2858 393 2905 a
406 2838 541 2908 Henohe
557 2839 626 2906 lilio
642 2837 807 2925 lamperti
825 2860 898 2907 oum
923 2840 1096 2928 priuilegio
1123 2839 1219 2927 Capi-

99 2943 152 3012 tuli
167 2945 431 3032 vesprimiensis,
462 2967 521 3034 pro
537 2966 595 3014 tex
612 2948 730 3014 marnis
747 2949 874 3033 argenti
891 2948 1009 3016 Comiti
1026 2949 1218 3019 Alexandro

101 3058 129 3120 et
142 3053 204 3123 utto
219 3075 281 3125 suu
297 3053 493 3141 supradietis
509 3059 664 3140 perpetuo
696 3053 935 3142 possidendam,
968 3057 1107 3142 reoeptis
1137 3057 1218 3142 ipsis

100 3179 150 3228 sex
166 3161 281 3232 mareis
299 3159 395 3248 plene
419 3163 463 3229 ab
493 3159 627 3228 eisdem.
666 3161 745 3228 item
777 3160 909 3228 Heuohe
938 3160 1022 3230 fitius
1053 3163 1218 3251 Lamperti

99 3270 297 3352 supradiotus
307 3270 348 3339 de
364 3269 531 3337 uoluntate
549 3274 581 3335 et
596 3268 808 3355 permissione
823 3267 960 3337 fitiorum
977 3289 1107 3339 suorum
1123 3290 1216 3359 supe·

7 3353 9 3386 ³
100 3375 158 3445 rius
172 3379 411 3446 nominatorum
428 3375 575 3444 uendidit
583 3374 711 3443 vineam
723 3396 815 3444 snam
826 3375 917 3444 iuxta
926 3375 1064 3445 eandem
1074 3377 1215 3470 vineam,

7 3525 9 3554 ;
100 3501 189 3566 quum
218 3491 318 3554 autea
333 3484 533 3572 vendiderat,
559 3485 711 3569 contigue
728 3483 930 3554 adiacentem
948 3505 1006 3572 pro
1023 3507 1081 3556 ser
1096 3492 1216 3557 mareis

7 3637 9 3686 3
99 3588 205 3660 domiti
221 3591 408 3662 Alexandro
424 3597 458 3658 et
472 3591 538 3659 filio
554 3611 615 3660 suo
632 3590 875 3678 prememoratis
906 3600 1064 3680 perpetuo
1094 3595 1215 3665 irreuo-

7 3743 9 3786 2
97 3698 234 3772 tabiliter
249 3698 438 3789 possidere3
463 3701 602 3787 reoeptis
619 3701 699 3788 ipsiu
717 3720 775 3770 sex
791 3703 909 3770 merois
942 3701 1041 3789 plene
1073 3710 1105 3770 et
1136 3705 1214 3772 inte·

98 3807 222 3892 grditer
236 3809 281 3878 ab
298 3808 432 3878 eisdem.
448 3808 597 3876 Ceterum
614 3808 726 3876 Benke
742 3808 827 3877 tilius
842 3808 1018 3878 Voltemer
1034 3809 1214 3882 antedictus

7 3897 9 3918 ⁵
99 3915 235 3986 uendidit
265 3915 409 3987 sedeoim
426 3917 541 4002 iugera
557 3925 651 4002 terre,
683 3917 829 3988 sonetum
854 3917 898 3985 ad
923 3918 1004 3986 duae
1036 3918 1215 3989 fateaturas

7 4019 9 4096 ζ
96 4023 248 4095 suffieiens
264 4046 329 4096 uuo
347 4025 410 4113 die,
443 4045 516 4094 oum
532 4029 602 4096 loeo
619 4025 795 4094 molendini
823 4026 946 4094 Balouu
977 4034 1113 4112 uooatu;
1137 4048 1215 4113 qua·

7 4193 9 4220 ;
96 4151 159 4201 rum
174 4135 329 4205 terrerum
346 4135 593 4219 quatuordeeim
610 4136 722 4219 iugera
739 4142 771 4201 et
786 4135 893 4220 ipsum
910 4133 1052 4203 t'enetum
1068 4133 1214 4204 iuuenta

7 4255 8 4258 ’
97 4247 182 4325 parte
196 4243 374 4313 oeoideutis
390 4243 477 4312 ultra
492 4265 622 4334 aquarn,
655 4249 687 4310 et
704 4243 768 4310 duo
785 4243 900 4327 iugera
915 4262 937 4309 a
952 4251 1046 4328 parte
1070 4243 1212 4332 orientis,

7 4407 8 4418 ε
98 4350 344 4431 permittentibus
360 4351 479 4420 uicinis
495 4358 528 4420 et
542 4352 692 4439 cognatis
708 4353 776 4419 suis
794 4349 943 4419 omuibus
959 4371 1018 4436 pro
1043 4370 1100 4418 sex
1131 4372 1213 4418 mar·

7 4463 9 4536 ζ
97 4454 137 4522 eis
152 4455 349 4528 denariorum
367 4459 487 4528 domiti
504 4459 693 4527 Alexandro
710 4466 743 4527 et
771 4457 837 4526 filio
863 4477 923 4526 suo
954 4457 1141 4548 sepedietis,
1172 4480 1214 4528 ao

7 4559 9 4652 l
100 4579 206 4647 eornm
221 4565 393 4635 heredibus
408 4566 626 4654 heredumque
641 4567 879 4636 suecessoribus
897 4566 965 4636 iure
995 4573 1150 4655 perpetuo
1180 4578 1214 4638 et

7 4671 9 4750 ζ
102 4653 541 4765 irreuooaoititerpossidere.
582 4673 795 4762 Obligaoioue
811 4675 870 4744 tali
896 4675 1096 4764 interpositu,
1128 4677 1211 4764 qnod
