3160 5200
820 351 824 365 .
877 293 1035 392 „se

385 485 524 568 restsut,
551 481 636 550 sieut
666 491 814 573 apparet,
845 489 956 554 trabes
988 487 1059 554 siue
1090 485 1203 570 pedes,
1235 487 1269 552 in
1299 485 1411 570 quibus
1438 494 1492 553 erut

385 587 512 674 positus
543 609 626 676 pons
648 588 846 682 [predictum
871 593 991 661 deinde
1006 592 1152 662 declinat
1166 593 1209 660 ad
1225 599 1352 677 partem
1368 593 1493 661 meridie

387 694 495 760 nalem
528 716 589 782 per
620 704 760 766 mestum
803 721 959 785 equarum
999 719 1066 766 nou
1106 719 1236 784 semper
1266 700 1430 768 duencium
1456 701 1496 765 nel

387 801 598 870 existeooium
632 805 762 892 ibidem,
795 807 910 876 seder
926 807 1143 875 inundacione
1169 806 1268 875 fontis
1283 807 1495 894 Topolchnro

386 906 453 972 ceti
469 909 585 994 recipit
601 910 635 976 in
651 931 688 979 se
715 933 829 1001 aquas,
860 913 990 981 venitur
1021 912 1064 981 ad
1096 912 1258 997 quendem
1289 919 1417 998 puteum
1444 935 1494 980 non

387 1012 516 1097 semper
549 1036 732 1106 aquosum,
753 1021 795 1088 sb
825 1020 903 1088 iude
934 1041 989 1107 per
1020 1021 1106 1088 huuc
1122 1021 1258 1087 eundem
1276 1027 1496 1104 meatumaqre

386 1119 481 1186 uadis
499 1121 542 1189 ed
571 1125 734 1206 quandum
766 1146 918 1212 mugram
953 1129 1050 1216 uiam,
1083 1148 1141 1213 per
1172 1146 1270 1210 quam
1303 1128 1346 1195 de
1375 1127 1496 1212 Noglolu

387 1227 451 1294 itur
484 1229 517 1296 in
535 1230 650 1297 uillam
666 1232 863 1318 Hegynuzas
883 1234 1053 1321 Horactby
1070 1234 1200 1319 dictem,
1216 1235 1250 1300 in
1266 1254 1334 1318 qua
1355 1234 1495 1319 siquiden

388 1354 508 1419 magna
524 1336 579 1402 via
597 1338 693 1406 uadis
712 1339 744 1405 in
775 1361 894 1424 magno
927 1339 1039 1424 specio
1070 1339 1113 1406 ed
1145 1339 1226 1408 duas
1259 1349 1365 1408 metas
1395 1332 1497 1408 terrers

386 1442 563 1524 angulares
580 1465 620 1511 ex
639 1451 776 1530 utreque
791 1453 885 1532 parte
901 1448 999 1515 huius
1013 1447 1066 1514 vie
1082 1447 1263 1516 uicinonter
1279 1454 1404 1516 erectas
1418 1467 1498 1535 prope

359 1577 362 1584 ·
387 1549 442 1615 uel
458 1549 561 1618 eciem
579 1551 671 1619 iuxtc
686 1553 804 1621 siluam
822 1557 874 1622 uel
891 1557 1046 1640 anguium
1071 1555 1154 1624 silue
1184 1555 1319 1622 Comitis
1351 1557 1450 1642 Borpn
1475 1560 1499 1621 et

387 1657 524 1725 fratrum
558 1677 699 1744 suorum,
731 1661 888 1729 nobilium
920 1660 963 1729 de
993 1660 1168 1749 Horozthy,
1206 1683 1324 1731 uersus
1354 1660 1498 1730 meridiem

387 1763 555 1850 cleuatss3
583 1768 718 1835 abhinc
734 1768 979 1838 iuxteeaudcm
1013 1772 1128 1840 siluam
1144 1771 1177 1837 in
1211 1790 1337 1854 magna
1367 1770 1428 1854 sis,
1454 1787 1499 1854 per

387 1893 485 1958 quam
518 1875 559 1943 de
589 1873 672 1942 uilla
686 1873 820 1945 Selleud
845 1878 974 1946 uenitur
988 1877 1022 1943 iu
1037 1876 1149 1945 villum
1166 1876 1260 1964 Sary,
1276 1874 1499 1963 proceditured

388 1987 516 2066 partem
549 1983 849 2068 septemtrionalem
891 1984 936 2052 ed
966 2003 1065 2051 unam
1107 1990 1227 2051 metam
1259 1991 1400 2052 terream
1425 1982 1500 2048 iuxta

387 2086 527 2156 alterum
583 2090 735 2174 ungulum
763 2084 879 2158 'huius
925 2089 1071 2160 eiusdem
1110 2092 1193 2158 silue
1232 2110 1349 2160 uersus
1386 2095 1500 2174 septen·

387 2195 524 2264 trionem
544 2196 720 2282 eleuatam,
738 2196 790 2264 rbi
807 2197 941 2266 diuertit
965 2196 1009 2263 ad
1039 2203 1165 2283 partem
1196 2196 1403 2284 orientalem,
1431 2193 1500 2263 neni·

388 2308 503 2388 turque
535 2301 578 2368 ad
614 2308 733 2370 terrum
763 2305 949 2372 nebulosam
980 2304 1032 2371 uel
1064 2323 1247 2389 arenosam,
1281 2305 1340 2371 ubi
1365 2308 1501 2372 sunttres

388 2415 476 2476 mete
506 2415 613 2476 terreo
643 2409 835 2494 angularem
858 2409 976 2478 dehinc
1008 2410 1040 2478 in
1075 2410 1364 2480 commeteneitate
1393 2429 1446 2478 seu
1470 2410 1498 2475 in

374 2514 545 2599 ··coutigue
577 2515 744 2588 vicinitate
773 2525 933 2586 terrarum
964 2521 997 2586 et
1014 2516 1231 2602 possessionis
1262 2516 1413 2603 Magistri
1440 2515 1501 2585 lule

388 2628 422 2691 et
435 2619 546 2688 fratris
569 2621 621 2690 sui
653 2623 867 2709 predictorum
900 2622 1085 2710 proceditur
1117 2623 1150 2690 iu
1182 2643 1312 2711 magno,
1343 2620 1502 2691 maioriet

389 2730 532 2796 maximo
566 2729 687 2816 specio,
719 2730 805 2813 quod
821 2730 953 2816 quidem
971 2729 1130 2818 spacium,
1147 2732 1306 2800 uelocius
1323 2730 1425 2818 spaeij
1440 2729 1500 2796 iris

381 2837 485 2906 oculo
503 2837 558 2905 uix
575 2842 682 2924 potest
696 2838 770 2924 capi
801 2839 854 2906 uel
886 2838 1085 2924 comprendi,
1117 2838 1304 2925 peruenitur
1336 2838 1380 2907 ad
1407 2854 1502 2921 supra·

388 2944 496 3016 dietas
527 2951 592 3012 tres
608 2951 711 3014 metus
725 2952 850 3016 terreas
876 2947 1055 3034 angulares
1071 2946 1196 3033 priores
1211 2947 1369 3016 uidelicet
1386 2953 1419 3014 et
1431 2942 1502 3031 rapi·

388 3057 486 3143 tsles,
503 3053 538 3120 in
555 3072 691 3138 quarum
708 3073 773 3120 una
799 3053 998 3139 prediximus
1029 3053 1097 3122 tore
1128 3054 1276 3121 erborem
1306 3054 1382 3142 piri,
1410 3053 1501 3138 ibique

387 3163 590 3234 terminatur.
620 3160 692 3227 Hoc
719 3181 784 3230 non
815 3161 1034 3251 pretermisso,
1074 3160 1162 3246 quud
1192 3161 1361 3248 predictus
1389 3157 1497 3248 llylrrd

388 3273 499 3340 Bonus
517 3266 638 3335 ibidem
655 3268 690 3334 in
716 3269 957 3356 presenciarum
988 3267 1129 3338 astando
1160 3269 1349 3358 assumpsit,
1380 3267 1498 3354 quode

387 3382 458 3467 ipse
490 3378 524 3444 in
555 3373 620 3440 iem
652 3379 787 3442 uentura
811 3375 992 3444 testiuitote
1006 3377 1120 3444 Sancti
1136 3375 1266 3444 Andree
1282 3373 1431 3462 Apostoli
1443 3390 1502 3461 pre

386 3485 493 3554 dietus
510 3481 750 3567 quinquaginta
763 3503 891 3552 mareas
907 3483 1065 3554 soluendo
1081 3491 1116 3552 et
1127 3482 1331 3552 refundendo
1357 3482 1499 3568 Magistro

372 3593 466 3661 edula
496 3596 530 3658 et
558 3588 650 3655 fratri
681 3608 740 3656 suo
771 3590 868 3660 Petro
893 3609 1003 3658 corum
1020 3591 1114 3659 nobis
1129 3590 1217 3657 haue
1231 3591 1415 3678 porcionem
1430 3593 1503 3656 terre

387 3719 447 3768 sue
462 3717 526 3766 non
543 3694 717 3763 redemerit
735 3695 777 3762 ab
809 3697 930 3766 eisdem
963 3680 1084 3766 coraun¹
1102 3698 1208 3786 nobis,
1240 3701 1357 3764 extunc
1388 3693 1504 3782 pretate

387 3806 497 3896 peroio
530 3810 685 3871 terrerum
716 3803 868 3893 limitata,
900 3805 984 3872 sicut
1014 3805 1218 3892 premittitur,
1249 3809 1282 3872 ct
1298 3810 1449 3890 separatu
1468 3801 1502 3870 ab

386 3915 462 4000 alijs
478 3910 576 3980 terris
592 3908 736 3978 eiusdem
753 3910 877 3998 Mykud
895 3910 989 3999 Beni,
1005 3912 1038 3979 in
1055 3920 1245 4000 perpetuum
1262 3914 1313 3980 ius
1345 3908 1503 3979 eorundem

386 4017 539 4106 Magistri
569 4015 647 4084 sula
677 4024 710 4084 et
725 4017 836 4088 fratris
865 4019 918 4087 sui
945 4021 1034 4088 Petri
1052 4019 1333 4088 irretractabiliter
1357 4017 1442 4086 omni
1455 4025 1506 4083 ter-

385 4123 613 4215 giuersuoione
628 4130 659 4190 et
674 4124 790 4194 litteris
807 4127 919 4216 Regijs
946 4129 1181 4214 prorogaturijs
1211 4148 1276 4196 non
1307 4124 1505 4218 obstantibus,

387 4234 580 4304 deuoluetur
611 4231 811 4317 possidendo
842 4241 875 4302 et
905 4235 1060 4303 habende
1090 4237 1160 4305 inre
1176 4241 1336 4322 perpetuo
1351 4232 1506 4302 actoritate

385 4341 475 4431 (lgy)
511 4335 712 4424 presencium
754 4340 955 4424 litterarum
980 4361 1039 4410 nos
1071 4349 1180 4410 eutem
1211 4339 1362 4410 dabimus
1393 4342 1505 4408 litteras

387 4455 515 4517 nostras
547 4444 651 4512 cidem
685 4447 843 4532 Magistro
871 4449 951 4516 dula
981 4456 1013 4518 et
1044 4449 1135 4518 fratri
1160 4469 1219 4517 suo
1236 4467 1335 4534 super
1351 4454 1505 4535 perpetua·

333 4568 337 4574 '
380 4559 480 4626 oionc
496 4551 623 4643 pretate
640 4555 801 4641 porcionis
817 4563 985 4649 terrarum,
1017 4558 1101 4628 sicut
1132 4556 1219 4628 idem
1249 4555 1375 4645 Mykud
1407 4555 1503 4622 Bsnus
