3160 5200
855 339 1014 440 Q

370 534 485 620 byssi,
502 542 533 602 et
549 537 697 620 peruenit
711 535 754 602 cd
771 541 889 602 metam
906 543 1064 622 terream3
1081 536 1158 602 inde
1173 535 1336 606 tendendo
1352 537 1393 605 ad
1403 539 1479 606 aliud

369 641 474 726 byrcb
490 643 638 727 peruenit
654 643 803 712 similiter
819 643 861 710 ad
887 649 1006 710 metam
1037 651 1187 730 terream,
1219 664 1281 726 que
1311 654 1480 731 separata

371 755 458 816 terra
474 747 689 834 Gradpotcka
705 755 832 835 vocata,
849 755 881 816 et
897 751 942 816 ibi
960 749 1162 818 terminatur.
1202 753 1240 816 ln
1256 753 1348 819 cuius
1362 753 1409 819 rei
1430 774 1481 820 me-

371 855 505 921 moriam
522 855 767 940 lirmitatcmque
784 865 972 941 perpetuam
989 861 1157 942 presentes
1172 859 1389 926 concessimus
1399 861 1482 946 sigilli

371 963 472 1028 nostri
513 962 689 1029 munimine
718 962 910 1031 roborando.
946 966 1068 1032 Datum
1099 983 1186 1030 anno
1217 964 1349 1033 Domini
1378 969 1483 1036 M⁸Gll⁵

372 1069 548 1138 Lxxxx⁰
564 1071 680 1155 primo.

373 1269 513 1330 (Ersdetie
532 1269 714 1336 bltrhirtyuim
742 1268 905 1320 aliid-vitriis
925 1271 1163 1333 selyemzsinbron
1182 1272 1270 1340 friggli
1289 1274 1386 1339 pessit
1408 1276 1472 1326 slsst

461 1375 480 1411 a
491 1360 576 1412 budsi
591 1361 643 1412 kin.
657 1360 786 1412 kemsrsi
798 1359 977 1412 leveltrtrnnk
990 1361 1159 1428 Ztgrabban
1171 1363 1236 1417 levo
1248 1364 1401 1428 resztben.)

902 2177 977 2247 429.

374 2381 406 2442 A
423 2378 574 2446 sclaveni
588 2379 785 2458 kouccntccle
801 2375 1072 2465 bisuntionensis,
1090 2384 1172 2466 leopy
1188 2378 1306 2444 Brtzed
1319 2380 1486 2462 nemmlsc'p
1556 2343 1558 2400 Ε

372 2487 432 2556 oeli
452 2489 561 2554 Ochus
578 2507 679 2554 comes
705 2488 813 2554 Potba
838 2489 992 2574 helyse'yct
1015 2489 1121 2554 cludto
1145 2488 1260 2592 Jetnos,
1288 2485 1352 2552 Ont
1369 2483 1486 2569 ficiculo.

887 2595 982 2662 1291.

481 2789 548 2858 Nos
565 2787 722 2857 Nicotaus
738 2788 849 2856 Konth
862 2787 970 2872 Regni
985 2787 1154 2872 Hungarie
1170 2785 1341 2855 Palatinus
1350 2795 1383 2855 et
1392 2785 1486 2855 ludex

375 2894 668 2965 Oomanornmstb.
694 2894 876 2980 quodcum
907 2913 967 2962 nos
997 2914 1057 2980 pro
1090 2893 1334 2979 compescendis
1363 2893 1484 2977 turibus,
1556 2955 1557 2958 ,

373 3005 553 3073 latronibus
569 3014 604 3072 et
619 3005 787 3089 quibusuis
804 3001 1068 3073 malefactoribus
1084 3000 1304 3090 eradicandis,
1320 3022 1361 3070 ac
1375 2999 1486 3070 cuncb's

373 3113 624 3196 querelantibus
664 3111 794 3179 iusticia
834 3106 1051 3195 impendenda
1082 3109 1295 3177 Vniuersitati
1325 3108 1485 3189 Nobilium,

252 3253 255 3260 ·
374 3218 575 3304 aliorumque
590 3217 732 3286 cuiusuis
748 3222 851 3286 status
870 3222 902 3283 et
918 3215 1117 3284 condicionis
1134 3215 1305 3283 bominum
1320 3215 1486 3310 Comitatus

373 3324 580 3393 Zalsdiensis
596 3323 741 3392 secunda
757 3322 841 3392 teria
856 3323 1004 3408 proxima
1019 3331 1096 3390 ante
1112 3322 1230 3391 testum
1261 3323 1356 3394 Beati
1384 3319 1484 3392 tmoli

378 3433 525 3520 Apostoli
541 3451 641 3519 prope
656 3431 770 3500 villam
785 3429 978 3518 Mandbyda
988 3430 1291 3516 congregacionem
1307 3433 1487 3501 celebrasse

375 3560 448 3624 mus
465 3538 671 3628 Generalem‚
701 3541 736 3606 in
753 3538 867 3607 eadem
884 3539 1148 3624 Congregecicne
1163 3544 1276 3608 nostra
1306 3536 1487 3608 Laurencius

377 3646 464 3715 filius
479 3647 567 3715 Petri
581 3646 625 3714 de
639 3648 741 3733 Bosa,
757 3645 966 3716 etJobannes
976 3646 1061 3714 filius
1077 3645 1207 3715 Nicolci
1223 3647 1281 3732 filij
1298 3647 1419 3715 Jonnss
1432 3641 1488 3709 lrs·

374 3762 424 3820 ter
440 3754 584 3824 eiusdem
600 3756 758 3842 patruelis
776 3791 818 3803 -
834 3795 878 3807 -
895 3753 1013 3842 (Pntba
1040 3761 1126 3821 nevil
1152 3754 1303 3823 hirtokra
1326 3751 1437 3834 neure)
1451 3787 1489 3802 -
1556 3788 1558 3848 3

374 3899 418 3912 -
433 3883 529 3950 quam
547 3884 632 3932 nunc
648 3862 836 3949 Stephanus
852 3863 893 3930 de
917 3862 1022 3929 Patha
1047 3861 1190 3932 indebite
1216 3863 1405 3947 occupando
1426 3877 1489 3926 con·
1556 3895 1558 3960 4

378 3975 523 4039 seruaret
538 3970 599 4038 stb.
625 3968 758 4058 (Ennek
787 3967 930 4056 solytlen)
954 3969 996 4036 ed
1021 3968 1123 4055 ipsius
1147 3969 1367 4055 possessionis
1396 3965 1487 4034 Palbe

373 4078 640 4146 conseruationis
656 4077 896 4166 experienciam
920 4079 1093 4147 cerciorem
1124 4077 1212 4165 idem
1244 4077 1404 4160 Magister
1431 4073 1487 4141 Ste

376 4184 504 4272 phanns
526 4183 730 4272 priuilegium
747 4185 885 4258 Abbatis
902 4193 935 4254 et
951 4187 1137 4255 (lonnentus
1151 4183 1361 4255 Zaladiensis
1372 4186 1487 4252 inaure
1557 4231 1558 4238 κ

374 4293 505 4362 Domini
523 4292 641 4360 Mrem
658 4295 866 4380 nonagesimo
882 4294 986 4380 primo
1002 4294 1185 4362 conlectum
1201 4293 1237 4360 in
1253 4292 1486 4380 specicdemon·
1557 4293 1558 4320 ³

373 4402 498 4487 strauit,
529 4402 563 4467 iu
580 4399 697 4486 quibus
713 4402 798 4468 inter
815 4407 923 4469 cetera
944 4401 1171 4470 continebatur
1201 4400 1384 4486 manifeste,
1415 4389 1487 4481 qnod
1556 4479 1558 4484 X

374 4509 488 4577 Comes
505 4508 616 4576 chun
641 4506 740 4596 (tilius
756 4508 870 4576 Bucad
887 4509 1061 4594 degenere
1077 4505 1203 4596 Busad)
1234 4507 1397 4593 quandam
1426 4519 1484 4590 pos·
1556 4541 1558 4554 ι

374 4619 552 4691 sessionem
569 4617 674 4686 Pathu
691 4627 837 4696 vocatam
863 4639 935 4688 cum
961 4618 1110 4690 omnibus
1140 4618 1209 4688 suis
1240 4616 1430 4687 rtilitstibus
1456 4615 1483 4678 et
1556 4633 1558 4714 l

1304 5161 1309 5168 .
1534 4957 1558 5190 r
