3162 5200
911 1015 983 1085 181.

382 1215 414 1278 A
429 1215 563 1301 zuiprdbi
592 1213 815 1300 leptolunnal
846 1215 1125 1304 bizocysciyleoele,
1158 1222 1242 1304 kopp
1263 1241 1296 1281 ⁴u
1312 1203 1317 1206 ’
1331 1217 1497 1284 Broehicoi

382 1324 515 1389 nemeeek
553 1323 723 1389 bor-chinni
763 1323 944 1389 birlokukol
975 1327 1108 1392 eladtrlk
1140 1325 1317 1391 Perchinus
1349 1326 1495 1391 commod.

901 1433 999 1497 1277.

346 1700 350 1708 ¹
489 1625 674 1712 Capitulum
691 1627 836 1716 ¹licelesie
853 1626 1088 1711 Zagrebiensis
1104 1628 1254 1695 omnibus
1272 1626 1393 1696 christi
1407 1624 1495 1694 fideli·

381 1733 440 1798 bus
456 1752 589 1820 presens
605 1732 758 1817 seriptum
774 1733 971 1818 inspecturis
997 1735 1135 1800 salutem
1161 1736 1195 1800 in
1228 1734 1371 1802 omnium
1402 1735 1496 1803 solur·

380 1845 459 1908 toro.
483 1840 535 1908 Ad
550 1842 771 1908 uniuersorum
790 1841 940 1908 noticiam
955 1848 1024 1908 tom
1044 1843 1246 1926 presencium
1262 1863 1363 1928 quem
1387 1845 1494 1910 lnturo·

379 1969 452 2014 rum
469 1947 584 2017 hurum
599 1949 684 2016 serie
700 1951 848 2017 volumus
874 1950 1074 2035 peruenire:
1091 1949 1177 2034 quod
1208 1949 1393 2035 leugozch
1423 1949 1495 2016 lilius

380 2055 494 2138 Tolen,
511 2055 635 2122 Zlauch
652 2056 738 2122 tilius
754 2055 873 2140 Irizloi,
888 2054 1066 2141 Vulkouoy
1081 2054 1165 2122 filius
1182 2055 1306 2139 Murge,
1333 2053 1442 2122 Obred
1468 2061 1495 2120 et

379 2162 537 2230 Gorinolk
554 2163 654 2230 freter
669 2181 758 2247 suus,
786 2161 947 2246 Georgius
964 2161 1049 2229 filius
1065 2161 1222 2247 Woylme,
1257 2163 1388 2231 Blasius
1417 2145 1489 2228 filius

379 2268 529 2352 Drusine,
562 2267 691 2334 Achibil
708 2267 794 2335 filius
811 2265 953 2355 Georgij,
985 2267 1150 2351 Nicotaus,
1166 2266 1289 2334 Zlanch
1307 2277 1340 2334 et
1365 2267 1492 2336 Stanecli
1562 2309 1564 2314 -

376 2377 434 2463 filij
452 2379 597 2465 Drugen,
614 2376 744 2442 Dimine
759 2377 843 2443 filius
860 2376 956 2462 nolu,
973 2384 1006 2444 et
1022 2376 1201 2444 Pribizlens
1224 2375 1309 2444 fitius
1343 2377 1431 2444 Hink
1457 2375 1493 2439 sb

379 2505 445 2552 unu
460 2498 573 2571 parte3
590 2483 769 2550 Perchinus
786 2485 901 2552 Comes
918 2485 1013 2552 trium
1025 2483 1216 2568 Oomporum
1230 2484 1272 2550 ob
1284 2484 1492 2550 eltersecrem

377 2595 472 2660 nobis
488 2591 705 2676 personaliter
720 2591 886 2658 constituti
902 2591 1100 2660 retulerunt:
1119 2589 1204 2674 quod
1220 2592 1308 2659 idem
1319 2593 1493 2676 Zlaugozch

377 2721 449 2768 cnm
465 2702 562 2786 soeijs
579 2701 647 2767 suis
662 2699 827 2768 nobilibus
844 2698 883 2766 de
900 2699 1060 2768 Brochine
1085 2719 1196 2768 omnes
1228 2708 1332 2768 terres
1365 2723 1439 2769 snas
1465 2701 1495 2766 in

377 2809 540 2877 Brochine
556 2810 596 2876 de
613 2808 764 2876 Grodech
782 2830 823 2876 ex
840 2815 974 2891 utruque
992 2815 1083 2893 parte
1099 2809 1204 2894 floruij,
1237 2815 1304 2875 turn
1321 2809 1355 2874 in
1389 2813 1493 2896 plenis,

348 2997 351 3000 ,
377 2937 471 3002 quam
489 2918 523 2985 in
540 2919 703 2985 montibus
720 2918 907 3003 existentes,
924 2916 1076 2984 cedentes
1093 2917 1124 2981 in
1144 2917 1286 3000 ipsorum
1304 2921 1494 3003 porcionem,

377 3045 449 3092 oum
467 3025 619 3092 omnibus
650 3024 846 3090 utilitatibus
879 3043 918 3089 eo
949 3023 1159 3109 pertinencijs
1192 3025 1271 3110 suis,
1304 3023 1489 3092 molendinis

376 3133 539 3218 uidelicet,
558 3132 662 3219 siluis,
679 3132 793 3198 tenetis
810 3138 841 3198 ct
859 3132 963 3198 riueis
980 3132 1043 3218 ipsi
1061 3133 1176 3200 Comiti
1195 3131 1363 3218 Perchino,
1399 3141 1429 3199 et
1444 3151 1492 3218 per
1536 3139 1543 3146 “

374 3260 446 3307 eum
474 3241 541 3306 suis
573 3239 753 3320 heredibus,
785 3238 981 3305 heredumue
1012 3259 1141 3305 suorum
1174 3237 1416 3306 successoribus
1444 3261 1492 3325 pro

375 3347 591 3432 qnadraginta
607 3346 725 3411 merois
744 3345 839 3432 plene
855 3345 1026 3412 abeodem
1044 3345 1198 3431 acceptis,
1230 3366 1270 3411 ex
1286 3345 1497 3431 permissione

374 3459 514 3525 omnium
532 3463 741 3539 cognatorum
769 3475 898 3521 suornm
930 3456 965 3521 in
997 3455 1143 3540 predicta
1171 3455 1333 3522 Brochinu
1364 3459 1500 3524 existen·-

372 3565 468 3649 cinm,
500 3581 540 3628 ao
555 3561 595 3628 de
611 3562 817 3647 beneplacito
834 3564 1017 3648 eorundem,
1052 3561 1274 3630 vendidissent
1291 3563 1429 3647 pacifice
1458 3579 1491 3624 ee

372 3669 626 3738 irreuocabiliter
642 3669 855 3754 possidendas
873 3689 910 3735 eo
927 3669 1032 3754 modo,
1067 3689 1170 3751 eoque
1186 3667 1265 3754 iure,
1297 3669 1331 3732 in
1349 3689 1391 3734 ea
1408 3668 1499 3735 liber·-

371 3787 437 3846 tutc
454 3784 485 3844 et
502 3775 713 3864 plenitudine,
732 3777 850 3860 quibus
868 3778 961 3844 metis
979 3788 1009 3842 et
1021 3776 1133 3862 signis,
1151 3776 1302 3842 videlicet
1312 3775 1355 3840 ab
1365 3778 1491 3853 oriente,

370 3884 505 3952 meridie
523 3888 556 3949 et
572 3885 738 3951 occidente
754 3904 857 3968 usque
889 3884 1151 3968 septemtrionem
1184 3882 1340 3949 nominati
1372 3882 1493 3949 nobiles

370 3993 582 4058 ‹linoscuntur
598 3994 796 4077 possedisse.
820 3998 1079 4078 Assumpsernnt
1092 3987 1197 4058 'eciem
1214 3990 1407 4074 Zluugozth,
1424 3989 1491 4055 Zlu·
1559 4034 1562 4049 .

369 4101 444 4184 uek,
462 4099 644 4187 ankouoy,
662 4102 778 4187 Obras,
797 4101 968 4184 Goriuolk,
985 4099 1156 4184 Georgius,
1183 4099 1322 4183 Blusius,
1355 4097 1489 4182 Achibil,

367 4207 530 4292 Nicotaus,
549 4207 683 4294 Zleuch,
701 4208 851 4292 Stanech,
878 4208 1017 4293 Dymine
1052 4216 1084 4272 et
1114 4204 1296 4273 Pribinluus
1328 4203 1490 4273 memorati

367 4314 495 4381 nobiles
513 4313 554 4379 de
570 4315 732 4382 Brochina
747 4335 784 4382 se
799 4314 933 4382 firmiter
949 4316 1143 4399 obligantes,
1175 4311 1308 4396 quodsi
1340 4313 1407 4380 ullo
1437 4329 1490 4376 un·

366 4440 464 4505 quam
481 4439 637 4506 processu
653 4423 807 4508 temporis
823 4421 1009 4506 sepedictus
1035 4418 1150 4487 Comes
1175 4418 1352 4486 Perclrinus
1377 4417 1488 4503 ulique

365 4529 495 4597 racione
512 4548 610 4614 snper
625 4527 761 4616 prefatis
776 4531 871 4597 terris
887 4548 947 4616 per
958 4545 1150 4611 quemqnam
1161 4526 1379 4612 impeteretur,
1394 4523 1490 4611 ijdem

361 4637 494 4718 nobiles
512 4635 649 4704 eundem
668 4635 858 4704 Perehinum
875 4636 1032 4705 Comitem
1048 4642 1079 4702 et
1109 4653 1186 4701 suos
1219 4651 1422 4702 successores
1453 4631 1486 4698 in
