3194 5196
754 311 1138 432 ,ιιι-

365 527 566 615 respondere
597 533 747 599 tencatur
761 529 1001 616 perhemptoria
1021 545 1130 598 coram
1146 530 1250 602 nohis.
1266 531 1392 604 Datum
1408 526 1506 606 Bndc

363 639 506 710 sahhulo
522 647 600 708 ante
615 639 811 710 dominicam
828 639 921 708 Oculi
938 638 1014 706 lllei.

367 839 507 902 (Ercdctie
527 839 709 906 hc'rhdrtydm,
729 842 859 906 melyneh
877 841 965 894 iratis
984 857 1017 894 az
1036 841 1091 894 oda
1110 847 1241 908 nyomotl
1259 840 1418 908 pecsetnek
1431 843 1508 894 tore·

474 931 543 982 daha
562 945 700 998 mogvsn3
719 935 799 988 malt.
813 935 915 1000 Szaluy
926 919 1055 1000 hgoston
1066 935 1100 987 dr
1112 930 1395 1002 gydjtamenydben.)

797 1226 1065 1240 Ἣ

898 1768 975 1839 oud.

371 1969 618 2058 Tiircdaylceze'ac‘
634 1967 768 2054 ciarriay
784 1966 851 2032 Lon
867 1975 945 2032 nerii
955 1963 1037 2050 feld
1053 1969 1233 2055 trirqyridaa
1249 1969 1415 2038 Honora
1441 1993 1502 2037 me·

549 2093 615 2147 aler·
629 2077 662 2146 ds
676 2099 696 2141 a
712 2075 786 2163 eripi
800 2075 1011 2144 ordoomorol
1024 2075 1101 2141 ledet
1132 2053 1183 2144 dfe
1195 2077 1314 2145 aaron

468 2275 572 2344 Datur
602 2293 662 2362 pro
693 2272 863 2360 memoria,
900 2273 988 2357 qnod
1018 2293 1090 2342 cnm
1122 2275 1298 2344 secundnm
1332 2275 1497 2346 contineu-

365 2385 448 2452 ciam
480 2387 659 2451 litterarum
701 2389 885 2450 nostrarum
916 2381 1150 2451 memorialinm
1181 2402 1277 2468 snper
1307 2390 1401 2455 terra
1429 2383 1496 2450 Lolr

363 2500 480 2561 vocata
510 2493 596 2560 inter
626 2489 817 2576 Magistrum
849 2487 1051 2558 Herrandnm
1083 2510 1123 2558 cx
1140 2511 1204 2558 vna
1219 2497 1326 2579 parte,
1345 2492 1493 2578 (thonius

364 2601 519 2670 Comitem
551 2597 796 2667 eduornicornm
830 2597 872 2665 de
902 2597 992 2685 διας
1012 2618 1063 2666 ao
1093 2598 1177 2668 alios
1209 2600 1412 2670 vdoorntcos
1454 2599 1492 2666 de

362 2708 478 2778 eadem
516 2725 617 2776 musa
654 2707 773 2786 fuisset
808 2707 977 2793 ventilata,
1013 2714 1047 2774 et
1084 2707 1190 2793 ipsam
1219 2709 1344 2778 terrum
1390 2709 1489 2779 eidem

361 2816 518 2902 Magistro
532 2813 704 2884 Herrando
721 2815 978 2884 decreuisaemns
997 2835 1197 2904 permanere,
1222 2824 1256 2884 et
1271 2818 1304 2884 in
1323 2817 1491 2904 quindenis

364 2925 592 3012 Apostolorum
610 2925 697 2992 Petri
715 2931 748 2990 ct
763 2923 858 2992 Panli
875 2945 972 3012 snper
988 2923 1075 2993 lactc
1107 2923 1212 3012 ipsius
1242 2932 1329 2994 terre
1361 2925 1491 3014 predicti

363 3035 532 3104 rdaornici
563 3052 751 3120 comparere
781 3031 983 3120 debuissent·
1020 3052 1124 3102 nonas
1155 3039 1259 3102 metas
1290 3048 1395 3122 super
1423 3035 1489 3121 ipsa

363 3151 449 3212 terra
479 3143 572 3212 iuxta
599 3148 730 3210 ueteres
760 3147 864 3210 metas
896 3140 1053 3208 elenando
1084 3142 1295 3227 presentibus
1327 3139 1490 3212 Eerbcrdc

362 3251 486 3320 Comite
519 3252 584 3320 lilio
617 3249 685 3338 Osl,
719 3249 866 3318 lordono
897 3247 1032 3337 domita,
1066 3256 1098 3317 et
1130 3247 1317 3320 testimonio
1351 3248 1488 3336 Capituli

363 3357 469 3424 Casiri
497 3357 620 3438 Ferrei,
649 3358 682 3424 in
714 3356 796 3444 ipsis
835 3353 1009 3441 quindenis
1048 3355 1188 3442 predicti
1227 3355 1398 3426 udncruiei
1426 3375 1487 3424 nou

363 3473 624 3554 comparuerant,
647 3473 684 3532 ot
713 3472 969 3552 assumpserant,
1001 3485 1062 3533 ncc
1092 3472 1198 3536 metas
1214 3471 1396 3555 erexerunt,
1410 3463 1487 3534 sicat

364 3572 397 3638 in
414 3571 531 3640 litteris
563 3570 643 3641 dicti
675 3570 816 3657 capitoli
850 3570 988 3640 uidimus
1020 3573 1189 3641 contineri
1221 3570 1315 3644 Vnde
1346 3569 1487 3642 decerni-

363 3701 445 3765 mas,
477 3677 563 3766 qnod
593 3680 628 3748 in
659 3677 834 3764 quindenis
866 3679 980 3749 Sancti
1010 3679 1111 3767 Regis
1142 3679 1301 3769 Stephani
1317 3680 1486 3750 secundnm

363 3788 601 3858 continenciam
619 3790 798 3858 earundem
816 3788 1000 3856 litterarum
1011 3796 1197 3857 nostrornm
1213 3793 1324 3878 parles
1340 3787 1486 3877 presenti·

365 3901 425 3967 hus
440 3897 520 3987 ipsis
537 3897 702 3968 nobilibus
718 3904 751 3966 ct
773 3897 957 3966 testimonio
989 3883 1143 3984 Capituli*
1161 3896 1300 3985 predicti
1329 3914 1484 3983 compere-

364 4009 446 4076 hunt
475 4026 572 4094 snper
589 4012 674 4074 terra
690 4009 869 4094 nominato,
887 4011 987 4073 totam
1004 4005 1123 4074 lactum
1138 4006 1304 4094 sopientes
1318 4003 1483 4076 secundun

366 4113 607 4184 continenciam
637 4115 821 4183 litterarum
853 4119 1036 4183 nostrarum
1067 4113 1211 4203 priorum
1241 4121 1420 4200 prenotate.
1447 4111 1484 4178 ut

366 4223 445 4308 quia
461 4223 495 4290 in
511 4221 593 4309 ipsis
625 4222 800 4307 quindenis
830 4223 1059 4309 Apostolorum
1091 4221 1179 4291 Petri
1203 4228 1235 4290 et
1250 4223 1342 4292 Pauli
1358 4217 1484 4311 predicti

364 4329 533 4400 adnomici
549 4332 582 4400 in
599 4331 674 4420 ipsa
690 4339 778 4400 terra
795 4351 858 4400 non
891 4338 1204 4422 comprimerentur
1232 4335 1480 4418 assumpserant

349 4439 569 4508 'decernimus
601 4440 689 4527 ipsos
718 4439 916 4508 vnuornioos
946 4440 980 4507 in
1010 4439 1141 4529 iudicio,
1172 4444 1208 4507 nt
1222 4459 1295 4508 cnm
1318 4439 1352 4510 in
1368 4438 1482 4510 octenis

350 4547 460 4612 ¹Booti
475 4548 643 4616 Michaelis
658 4549 858 4635 Archangeli
875 4571 983 4618 coram
993 4547 1086 4618 nohis
1103 4548 1351 4638 comparuerint,
1367 4549 1483 4618 solncnl

365 4651 517 4728 iudicium
535 4663 750 4747 prouolutum,
768 4663 801 4725 et
815 4658 931 4726 scriem
954 4657 1032 4728 iacti
1063 4663 1174 4748 partes
1190 4657 1223 4728 in
1255 4656 1369 4745 litteris
1399 4631 1482 4746 erpi·
1566 4703 1568 4766 3
