3096 5202
832 437 986 538 Q

233 683 238 686 -
348 633 495 704 arborem
527 632 643 718 egurfa
673 650 767 701 eroee
796 632 971 718 oipnatam‚
988 631 1040 698 ubi
1066 631 1134 698 exit
1149 629 1190 697 de
1206 629 1304 718 potok
1319 636 1349 696 et
1364 629 1449 698 tendit

348 739 542 828 pervellem
558 759 669 808 versuo
686 747 826 807 montem
838 743 870 806 et
879 738 1026 824 pervenit
1041 738 1084 804 ad
1101 738 1251 807 arborem
1266 737 1356 824 myria
1373 756 1451 805 orme

348 850 534 936 signatam
558 847 677 914 deinde
696 864 754 932 per
769 852 909 916 montem
928 846 1017 914 venit
1030 845 1073 913 ad
1089 845 1209 913 vallem
1224 844 1267 912 ad
1282 845 1358 913 duas
1377 846 1452 914 arbo

347 975 400 1025 rea
416 955 491 1023 eber
522 973 615 1023 eruce
645 954 843 1038 pigneraret
875 953 968 1022 metis
998 954 1110 1021 terreis
1140 951 1365 1036 eiroomsoeaa;
1388 951 1451 1019 inde
1513 1034 1519 1049 1

347 1061 553 1151 pervenitad
584 1082 682 1130 unum
697 1062 809 1149 petok,
823 1063 879 1130 obi
906 1067 954 1129 eet
968 1062 1064 1129 orbor
1080 1068 1198 1147 gertan
1213 1080 1306 1128 erree
1321 1061 1450 1145 aigroiai

350 1173 436 1240 uode
450 1170 600 1240 aseendit
616 1170 658 1238 ad
671 1177 811 1239 montem
826 1179 860 1238 et
875 1174 1022 1256 pervenit
1043 1169 1085 1237 ad
1105 1169 1186 1237 deae
1218 1168 1346 1236 arboreo
1374 1165 1453 1253 myria

351 1299 445 1348 eruee
476 1281 641 1365 signatam
667 1279 787 1348 deinde
816 1299 875 1366 per
905 1277 1021 1346 vallem
1051 1275 1221 1346 deseendit
1238 1278 1273 1344 in
1292 1275 1451 1364 rylramed

346 1391 495 1458 arborem
520 1389 597 1457 eber
629 1405 723 1456 omoe
753 1388 928 1475 signatam,
960 1392 1048 1456 meta
1083 1395 1191 1455 terrea
1222 1383 1434 1455 eireamimam

348 1497 434 1564 unde
463 1497 552 1564 venit
582 1495 625 1563 ad
662 1495 812 1564 arborem
851 1515 913 1582 oyr
951 1515 1044 1565 oroee
1082 1497 1270 1581 signatam
1316 1493 1355 1562 ab
1387 1489 1450 1559 inde

348 1605 391 1672 ad
430 1605 578 1672 arborem
630 1603 717 1690 byk‚
756 1623 851 1671 eruee
888 1603 1073 1690 signatam
1113 1602 1190 1670 inde
1237 1603 1283 1672 ad
1327 1601 1451 1669 arborem

347 1734 429 1783 naar
459 1717 618 1796 vocatam,
652 1728 747 1780 orooe
777 1713 960 1797 signatam
998 1709 1084 1779 unde
1113 1729 1229 1796 parom
1269 1705 1452 1797 prooedendo
1547 1780 1548 1783 ,

347 1821 496 1909 pervenit
526 1821 568 1889 od
584 1840 681 1889 unum
701 1819 810 1908 potale,
830 1821 884 1888 ubi
901 1827 950 1888 eet
965 1821 1060 1889 arbor
1075 1841 1157 1888 naar
1172 1839 1269 1889 oroee
1284 1819 1413 1904 signato,
1425 1823 1453 1882 et

347 1949 404 2017 per
419 1929 523 2017 ipmm
539 1929 640 2016 potok
655 1927 862 1998 emendando
878 1927 1024 2015 pervenit
1037 1927 1081 1996 ad
1097 1928 1229 1996 arboreo
1240 1929 1358 2016 jamar,
1373 1943 1451 1994 omae

346 2039 512 2122 signatam
537 2035 655 2106 deinde
686 2035 777 2104 venit
806 2036 848 2105 ad
863 2041 1015 2123 montem,
1045 2035 1100 2120 qui
1125 2035 1213 2120 wigo
1229 2033 1451 2113 hermomiro,

345 2143 400 2211 ubi
416 2149 466 2212 est
481 2142 537 2211 via
552 2160 617 2227 que
631 2140 723 2210 radit
733 2141 777 2211 ad
792 2142 986 2232 Glannieba,
1003 2150 1036 2210 et
1050 2159 1108 2228 per
1124 2142 1263 2210 eandem
1279 2143 1363 2210 riam
1377 2141 1451 2209 verit

346 2250 389 2317 ad
405 2249 555 2318 arborem
581 2258 766 2318 metaneam
793 2271 888 2319 emee
912 2251 1094 2336 signatam
1121 2251 1207 2318 unde
1226 2250 1383 2336 perviam
1396 2267 1453 2335 per·
1540 2296 1548 2327 „·

347 2359 439 2427 venit
454 2357 499 2426 ad
515 2358 597 2425 duae
614 2359 746 2427 arboreo
765 2359 848 2426 baao
865 2364 896 2425 et
926 2378 987 2446 nyr
1018 2379 1114 2426 omee
1146 2360 1305 2445 signatas,
1323 2367 1354 2426 et
1380 2365 1453 2426 meda

345 2474 452 2534 terrea
482 2465 696 2534 eireomiooao
712 2466 755 2532 ad
781 2472 886 2535 metas
903 2468 1094 2552 angularem
1111 2466 1197 2535 unde
1214 2467 1338 2552 regirat
1353 2469 1384 2534 ia
1397 2465 1451 2534 ral-
1547 2520 1548 2527 ,

346 2575 408 2642 iem
426 2593 539 2641 versor
554 2573 722 2641 meridiem
738 2573 780 2640 ad
796 2577 946 2643 arborem
962 2581 1152 2642 castaneam
1178 2593 1275 2642 eroee
1285 2577 1451 2661 signatam

344 2681 422 2748 inde
452 2679 658 2767 procedendo
688 2683 837 2767 pervenit
854 2705 910 2769 per
936 2683 1075 2752 eandam
1090 2685 1208 2753 vallem
1225 2684 1269 2752 ad
1288 2685 1392 2771 potok,
1407 2679 1453 2748 rbi

344 2795 420 2857 aunt
436 2787 499 2858 due
513 2791 646 2856 arbores
664 2788 732 2876 byk
748 2808 841 2859 eruee
857 2791 1006 2877 rignam3
1030 2791 1148 2858 deinde
1163 2791 1282 2859 transit
1298 2811 1354 2878 per
1368 2788 1453 2878 potok
1547 2852 1548 2863 ,

344 2897 547 2964 ascendendo
578 2897 619 2964 ad
637 2905 778 2965 montem
811 2899 1017 2986 pervenitad
1041 2900 1124 2967 duos
1141 2899 1274 2967 arboreo
1294 2899 1359 2988 byk
1374 2917 1454 2966 emee

344 3007 511 3091 signatam
535 3005 620 3074 unde
636 3008 727 3074 verrit
741 3007 786 3076 ad
801 3016 950 3091 montem,
966 3008 1022 3075 obi
1038 3015 1114 3077 aunt
1138 3009 1201 3076 doe
1232 3010 1365 3077 arboreo
1394 3023 1454 3092 nyr,
1516 3047 1521 3057 ·
1542 3044 1547 3061 ›

344 3115 438 3182 metio
456 3115 570 3183 terreis
600 3114 801 3200 circumfode,
832 3115 887 3183 ubi
903 3118 1064 3186 rieinatur
1082 3126 1167 3186 terre
1184 3116 1362 3205 Vyeheeb3
1389 3113 1454 3183 inde
1541 3178 1548 3183 .,

344 3223 488 3309 procedit
503 3243 563 3311 per
578 3224 716 3292 eundem
733 3232 875 3293 montem
892 3233 924 3294 et
939 3227 1088 3313 pervenit
1103 3226 1146 3293 ad
1166 3227 1342 3312 quamdam
1358 3229 1454 3313 ropio-

343 3351 411 3397 rem
428 3332 554 3399 Gurhot
579 3339 745 3413 vocatam3
769 3331 854 3402 uode
869 3334 1018 3421 pervenit
1033 3335 1075 3401 ad
1091 3355 1189 3402 unum
1206 3337 1319 3424 poteli,
1336 3341 1368 3400 et
1381 3339 1456 3399 tran·

343 3439 454 3507 eiiieno
471 3441 576 3523 ipsum
593 3441 693 3525 poiok
708 3439 880 3510 revertitur
895 3443 927 3508 io
954 3463 1053 3510 unum
1085 3443 1192 3526 hereb,
1224 3445 1281 3511 ubi
1313 3448 1385 3513 eunt
1398 3445 1454 3508 tre

342 3550 477 3615 arboreo
508 3547 605 3616 ebeer
635 3567 731 3616 oruee
756 3549 903 3635 signate;
926 3548 1003 3619 inde
1018 3550 1165 3618 aseendit
1180 3551 1223 3620 ad
1240 3571 1340 3618 onum
1354 3546 1454 3617 morti·
1495 3539 1502 3546 ’

342 3657 450 3724 ouium
481 3653 649 3743 Ouesbegb
682 3665 843 3747 vocatum,
870 3677 970 3742 equo
1002 3659 1226 3729 descendendo
1257 3651 1455 3746 pervenitad

294 3797 296 3802 v
342 3764 490 3832 arborem
506 3762 581 3831 eber
599 3771 686 3832 meta
700 3772 809 3833 terrea
822 3766 1085 3852 oiroomfosoam3
1108 3767 1196 3836 unde
1214 3767 1392 3855 proaedere
1406 3780 1454 3850 per
1547 3820 1548 3823 ,

342 3872 463 3940 vallem
479 3871 627 3959 pervenit
658 3872 702 3939 ad
732 3873 870 3960 primam
903 3883 1020 3950 metam
1051 3877 1152 3964 Zopot
1181 3879 1409 3965 supradiotam.
1422 3872 1456 3936 111

216 3979 219 3984 ’
340 3980 432 4046 euioo
447 3979 494 4046 rei
511 3979 709 4070 memoriam,
725 3992 757 4049 et
767 3982 994 4050 uthuiuomodi
1011 3985 1136 4072 empeio
1151 3991 1184 4051 et
1197 3985 1352 4053 vendieio
1368 3982 1453 4052 robur

340 4089 487 4174 optineat
503 4087 673 4172 firmitatis,
690 4087 732 4158 ad
746 4090 940 4159 instaneiam
957 4093 1100 4176 paroium
1118 4099 1284 4178 presentes
1308 4088 1454 4161 oenomai·
1544 4116 1548 4147 ι

340 4213 411 4261 mua
441 4193 569 4264 litteras
586 4195 685 4282 sigilli
701 4199 804 4266 nestri
819 4199 996 4267 munimine
1011 4202 1189 4271 roboratos.
1205 4202 1327 4270 Datum
1344 4201 1456 4283 'degra-

337 4303 391 4371 bie
407 4323 494 4372 anno
511 4307 644 4374 Domini
660 4306 831 4374 millesimo
849 4306 1004 4376 GGLXX.
1022 4329 1116 4377 nono.

340 4501 501 4566 (Tkaleaiee,
519 4503 643 4556 Menum.
662 4504 763 4557 histor.
781 4506 968 4572 Epieoopatua
986 4507 1182 4576 Zegrebieneia
1195 4511 1217 4560 1.
1230 4510 1291 4562 ket.
1313 4513 1372 4560 199.
1391 4507 1451 4570 lap)

768 4793 1033 4806 Ἠ-
