3162 5200
848 245 1008 346 jes

354 438 499 526 priorem
517 449 649 528 metam,
664 449 697 510 et
712 442 760 508 ibi
776 441 976 508 terminator.
1001 443 1044 508 Et
1067 440 1131 529 bys
1155 444 1303 512 omnibus
1333 443 1491 529 predictis

352 550 447 620 metis
462 557 550 619 terro
564 549 687 637 Symog
702 549 893 633 distingitur
909 556 942 616 et
957 556 1138 636 separetur.
1176 551 1221 620 Vt
1250 551 1349 637 igitur
1378 551 1476 620 huius

351 664 464 728 nostre
479 659 669 726 colluvionis
683 677 743 726 seu
758 655 950 725 donacionis
965 657 1032 724 seri
1040 678 1075 726 es
1090 659 1190 726 robur
1204 659 1351 746 optineat
1375 681 1486 747 perpe-

352 771 408 836 tue
424 767 600 852 firmitatis,
615 783 676 834 neo
690 777 847 852 processu
863 771 1045 849 temporum
1062 765 1173 833 velent
1203 785 1261 853 per
1292 769 1481 855 quempiam

352 875 387 942 iu
401 875 525 944 irritum
540 873 698 960 reuocari,
714 881 881 961 presentes
906 873 1129 942 concessimus
1160 873 1287 942 litteras
1319 874 1492 962 dupplicis

350 981 453 1069 sigilli
470 981 572 1051 nostri
591 980 770 1049 monimine
785 982 966 1050 roboratas.
1006 979 1127 1048 Datum
1142 1001 1203 1066 per
1218 1001 1333 1050 monus
1349 1003 1492 1050 renere-

351 1091 428 1162 bilis
443 1091 547 1179 patris
564 1091 708 1179 Philippi
733 1092 887 1178 Episcopi
912 1089 1098 1161 Wsoiensis
1130 1091 1205 1158 suls
1235 1099 1346 1161 nostre
1377 1093 1423 1158 lid
1431 1092 1491 1159 elis

352 1199 548 1286 Cancellsrij
566 1220 653 1268 onuo
669 1200 803 1268 Domini
819 1197 940 1267 Μθῦὒο
955 1197 1196 1286 septuagesimo
1212 1198 1336 1283 quinto.

349 1397 491 1460 (Eredstie
509 1396 694 1464 borhdrtydn‚
713 1399 835 1463 melyrdl
854 1412 872 1448 e
892 1396 1040 1462 peesetnek
1059 1395 1193 1447 tdredtke
1205 1395 1356 1462 fejer-zdld
1368 1397 1489 1462 selysm-

350 1488 484 1542 zriubron
503 1489 582 1556 regg.
602 1503 619 1541 s
637 1487 723 1540 budei
741 1489 795 1540 kir.
815 1487 944 1539 kamerei
963 1485 1149 1538 levelttrbsu.
1169 1485 1227 1537 Sok
1245 1487 1361 1538 luibtvnl
1379 1486 1486 1538 kiedre

598 1577 727 1644 Fejtrntl
747 1577 815 1630 (lod.
833 1578 908 1642 Dipl.
929 1579 963 1630 V.
983 1579 1041 1629 kdt.
1057 1580 1082 1628 2.
1095 1589 1118 1627 r.
1132 1579 1193 1626 288.
1206 1576 1237 1639 l.)

881 2418 954 2485 lte.

346 2617 497 2686 Erecthei
512 2617 755 2704 cnyolirdlycd
769 2615 987 2684 Aleti-Verbere
1003 2617 1157 2702 belpedpet
1171 2620 1330 2704 tdrppuzd
1348 2621 1485 2686 odomd·

595 2747 660 2810 opo
677 2724 823 2790 Benedelt
839 2747 937 2790 comes
952 2729 1111 2790 amorosa.
1135 2725 1232 2790 1275.

455 2920 641 3010 Elysobeth
655 2918 719 2986 Dei
736 2917 850 3001 grecis
865 2919 994 3003 Regino
1009 2917 1179 3003 Hungerie
1187 2917 1349 2988 uniuersis
1359 2919 1485 2990 Christi

345 3027 495 3096 fidelibus
511 3037 579 3096 tem
595 3025 800 3112 presentibus
816 3047 913 3111 quum
930 3024 1060 3112 luteris,
1092 3025 1135 3092 od
1161 3045 1296 3110 quornm
1327 3028 1484 3099 noticiam
1571 3082 1575 3091 .

347 3154 483 3224 presens
500 3136 654 3222 seriptum
673 3132 869 3221 peruenerit,
885 3133 1024 3200 sulutem
1041 3132 1075 3198 ln
1091 3133 1207 3201 solutis
1223 3134 1365 3202 omnium
1381 3135 1485 3222 lurgi-

346 3251 426 3312 toro.
467 3241 866 3330 Regiuelis'beni'gnitotis
883 3239 1023 3309 officium
1039 3261 1100 3310 nos
1115 3249 1279 3310 ammonet
1295 3250 1327 3313 et
1343 3243 1484 3331 inducit,

346 3358 382 3420 vt
397 3350 611 3434 quorumlibet
626 3347 842 3417 fidelitatibus
869 3355 902 3416 et
932 3347 1083 3438 seruicijs
1114 3346 1290 3418 commodis
1320 3351 1418 3419 nobis
1452 3361 1486 3420 et

346 3458 503 3544 impensis
519 3459 665 3543 gratomt
682 3457 791 3526 animo
817 3477 1040 3544 occurremus,
1070 3455 1236 3542 condigno
1261 3458 1485 3527 retribucione

347 3565 471 3636 meritis
489 3563 663 3633 eorundem
679 3563 904 3635 fauorabiliter
920 3563 1176 3651 respondentes;
1194 3565 1272 3650 quio
1282 3564 1359 3632 dum
1370 3587 1485 3636 eorum

345 3673 514 3745 laboribus
532 3680 565 3739 et
578 3671 724 3740 honestis
741 3671 891 3756 seruioijs
906 3671 1052 3738 louorem
1067 3670 1240 3757 prebemus
1257 3678 1486 3759 etsssensum,

207 3827 211 3833 ·
344 3790 469 3851 ceteros
485 3781 529 3848 sd
546 3779 706 3865 ampliora
723 3777 892 3847 fidelitatis
919 3798 1019 3865 opero
1049 3779 1200 3866 exemplo
1231 3779 1329 3848 simili
1359 3781 1486 3851 inuitu-

346 3911 429 3976 mus,
446 3896 478 3957 et
494 3884 711 3972 depromptis
727 3883 894 3954 reddimus
910 3885 1140 3973 prompoiores.
1163 3885 1304 3954 Proinde
1320 3888 1485 3959 uniuersi·

261 3977 268 3998 ‘
345 3997 407 4067 tati
423 4001 531 4066 vestre
547 4001 661 4062 tenore
676 3991 883 4078 presencium
899 3993 969 4060 lieri
985 3993 1131 4061 volumus
1147 3992 1366 4077 menifestum,
1392 3998 1486 4082 quod

346 4125 406 4173 nos
422 4101 594 4172 fidelitates
611 4107 643 4166 et
659 4099 802 4168 seruicia
816 4098 939 4169 nobilis
955 4100 1017 4167 viri
1050 4096 1185 4169 comitis
1215 4101 1386 4169 Benedicti
1421 4105 1483 4192 filij
1566 4088 1571 4098 ’

344 4212 480 4281 Comitis
513 4209 687 4295 lwonoha,
720 4228 782 4293 que
813 4208 945 4277 domiuo
975 4207 1055 4276 Bele
1086 4214 1118 4275 et
1149 4207 1278 4278 domino
1308 4209 1483 4296 Stephano

345 4319 465 4390 inclitis
480 4317 624 4404 Regibus
640 4315 822 4405 Hoogario,
848 4321 882 4386 et
898 4315 1029 4384 tandem
1048 4313 1179 4384 domiuo
1204 4315 1361 4384 Ludiuluo
1393 4318 1485 4405 Regi

344 4429 520 4498 karissimo
536 4425 604 4494 filio
619 4431 729 4495 nostro
746 4443 785 4491 ac
800 4424 906 4511 uobis,
938 4441 1111 4510 personum
1128 4442 1223 4491 susm
1254 4423 1383 4493 essibus
1414 4426 1484 4495 lor·

344 4544 423 4610 tune
438 4537 639 4606 committere
656 4555 723 4601 uon
740 4530 917 4601 formidans
934 4530 969 4598 iu
985 4530 1151 4619 prosperis
1165 4529 1288 4618 pariter
1303 4538 1337 4601 et
1360 4533 1484 4603 adner-
