3190 5190
595 317 755 418 Α

9 495 11 522 ⁵
118 510 270 599 prioribus
294 510 430 578 vebmns
442 530 552 578 eorum
567 509 777 578 libertatibus
793 508 1013 598 indempniter
1028 529 1223 580 conseruare

9 645 12 692 ς
121 618 318 686 universitati
349 622 458 685 vestre
497 618 642 704 presenti
682 616 847 685 edictione
887 623 1045 704 perpetuo
1086 613 1243 684 duratura

9 781 11 786 .
119 724 302 811 specialiter
331 724 516 792 inhibemus
532 747 540 789 :
557 743 599 791 ne
629 723 705 807 quis
733 723 899 810 predictos
930 724 1071 811 populos
1087 721 1241 810 Rpisoepi

9 809 12 932 f
123 841 153 900 et
182 829 321 919 Gapitnli
352 830 588 916 Zagrabiensis
619 830 760 918 nomine,
800 831 940 918 racione,
970 851 1030 901 seu
1070 831 1240 900 occasione

116 939 244 1007 collecte
273 937 460 1022 cuiuslibet,
476 945 509 1005 et
524 937 712 1023 specialiter
741 943 892 1025 pretextu
924 937 1060 1006 collecte
1091 936 1241 1006 undecim

9 1047 23 1149 ζ1
113 1054 146 1112 et
157 1053 277 1131 septem
293 1044 501 1116 denariorum
517 1052 707 1131 presumant
735 1045 944 1131 aliquatenus
974 1049 1156 1133 molmtare,
1173 1054 1231 1115 aut

9 1187 11 1246 l
116 1153 250 1236 aliquam
282 1152 457 1222 enitentem
488 1151 621 1238 exigere
637 1152 681 1220 ab
696 1149 831 1236 eisdem,
851 1171 918 1219 non
938 1153 1141 1220 obstantibus
1158 1153 1242 1224 litte'

9 1249 11 1366 ξ
114 1260 287 1329 risnosuis
303 1269 498 1346 quocontra
529 1267 674 1330 tenorem
706 1260 950 1348 privilegiorum
982 1261 1166 1330 eorumdem
1181 1281 1241 1329 seu

9 1367 11 1448 ξ
115 1375 218 1436 eonba
232 1369 372 1436 formam
388 1369 549 1436 libertatis
577 1368 725 1437 Reclesie
746 1377 923 1438 memorate
939 1376 1154 1448 emanassent,
1188 1369 1241 1437 uel

9 1511 12 1556 ς
114 1473 260 1560 deinceps
281 1475 526 1560 quomodolibet
543 1475 745 1560 contingeret
764 1495 939 1558 emanare;
955 1496 1027 1543 eum
1058 1475 1240 1562 predictam

9 1567 11 1602 ¹
115 1584 296 1670 Ecclesiam,
315 1586 402 1652 siout
415 1584 634 1671 premisimus,
660 1587 701 1652 ob
718 1587 940 1654 reverenciam
958 1584 1151 1654 Sanctorum
1166 1605 1238 1672 pre·

9 1697 10 1738 l
115 1689 316 1760 decessorum
335 1699 530 1778 nostrorum,
548 1691 707 1776 Stephani
725 1701 758 1760 et
773 1691 924 1761 Ladiulai
946 1694 1068 1776 Regum
1084 1691 1239 1776 Vngarie,

9 1827 11 1884 ς
115 1818 171 1864 neo
183 1818 244 1866 non
262 1806 296 1865 et
313 1803 447 1883 propter
477 1798 693 1886 approbatam
713 1797 903 1868 fidelitatem
919 1797 1117 1868 venerabilis
1133 1798 1238 1884 patris

9 1933 11 2002 3
116 1906 293 1975 Tbimotbei
330 1905 474 1974 eiusdem
500 1905 647 1972 Ecclesie
666 1904 833 1992 Episcopi,
861 1906 982 1974 dictam
1013 1905 1193 1974 Ecclesiam
1210 1912 1241 1973 et

9 2005 11 2052 ἱ
116 2013 243 2098 populos
274 2013 407 2095 actura
439 2010 509 2080 eiua
540 2012 681 2081 velimus
697 2018 730 2080 et
748 2011 957 2081 intendamus
983 2020 1192 2084 manutenere
1207 2018 1241 2080 et

9 2101 11 2138 ⁵
115 2139 304 2190 conservare
320 2120 356 2187 iu
371 2139 481 2188 eorum
498 2121 662 2188 consuetis
678 2127 710 2187 et
724 2118 868 2205 antiquis
892 2119 1099 2190 libertatibus
1130 2119 1241 2187 inocu-

115 2246 208 2296 cnsse.
238 2227 278 2292 ln
296 2226 390 2295 cuius
420 2227 468 2294 rei
488 2226 677 2294 memoriam
694 2235 727 2294 et
740 2234 935 2314 perpetuam
967 2227 1151 2294 firmitatem
1172 2245 1241 2311 pre-

113 2344 213 2404 sentes
229 2333 384 2403 dedimus
398 2334 512 2401 literas
527 2333 666 2421 duplicis
687 2335 791 2420 sigilli
807 2335 910 2404 nostri
941 2334 1119 2403 munimine
1149 2336 1243 2402 robo-

113 2450 205 2512 ratas.
236 2443 364 2512 Datum
397 2461 456 2529 per
486 2462 603 2515 manus
632 2441 809 2532 Benedicti,
851 2443 971 2511 Sancte
1010 2442 1242 2528 strigoniensis

115 2550 254 2619 Ecclesia
269 2551 390 2636 Electi,
407 2548 618 2634 eiusdemque
634 2550 695 2618 loci
706 2549 840 2619 Gemitis
859 2551 1023 2638 Perpetui,
1040 2553 1117 2622 aule
1131 2555 1241 2619 nostre

114 2657 380 2727 vicecancellarii
397 2663 429 2723 et
448 2656 611 2744 Prepesiti
642 2657 811 2744 Budensis,
831 2657 943 2726 dilecti
959 2665 992 2725 et
1006 2657 1110 2726 fidelis
1127 2660 1243 2744 neubi,

113 2787 194 2834 anuo
209 2764 348 2834 Domini
363 2761 613 2853 nccbxxrv,
630 2764 735 2851 pridie
751 2766 914 2834 kalendas
929 2766 1029 2850 lunii,
1059 2767 1244 2836 indiccione

112 2875 154 2942 ll.
169 2875 273 2959 Regni
290 2881 403 2940 antem
434 2873 536 2940 nostri
553 2892 640 2941 anno
656 2873 808 2942 secundo.
827 2874 1074 2942 Venerabilibus
1089 2874 1239 2961 patribus

114 2979 278 3066 Stephano
314 2976 484 3048 Golocensi
504 2988 537 3047 et
566 2979 719 3049 Jcbanue
751 2982 940 3067 Spalatensi
969 2981 1241 3070 Arebiepisocpis,

9 3155 11 3190 Ι
113 3089 282 3176 lamperto
315 3086 476 3172 Agriani,
506 3087 570 3156 Job
602 3086 933 3176 Quinqneeclesiensi,
964 3087 1118 3177 Philippo
1135 3089 1242 3158 Waoi-

9 3257 11 3282 ,
114 3197 192 3283 ensi,
207 3196 286 3264 aule
304 3193 438 3260 domine
452 3195 579 3278 Regiae
598 3195 754 3262 consortis
770 3204 879 3263 nostre
909 3195 1085 3264 karissime
1113 3195 1245 3266 Ganeel-

9 3285 11 3334 ᾖ
113 3303 199 3388 lario,
209 3303 319 3370 Panlo
334 3298 580 3385 Wesprimiensi
598 3302 674 3369 aule
690 3308 801 3370 nostre
817 3301 1027 3391 Ganeellario,
1047 3302 1241 3371 'l'bimotbeo

9 3429 11 3460 u
113 3406 340 3495 Zagrabiensi,
371 3406 566 3476 Lodomerio
588 3407 807 3494 Waradiensi,
837 3408 996 3494 Dyonisio
1026 3410 1191 3482 lauriensi
1211 3418 1244 3479 et

9 3561 12 3596 ,
113 3517 206 3584 Petro
235 3513 459 3584 Transiluauo
489 3516 670 3603 Episcopis,
703 3515 867 3584 Ecclesiae
892 3516 956 3584 Dei
971 3517 1109 3588 feliciter
1124 3522 1242 3607 guber-

115 3624 275 3693 nantibus.
293 3620 453 3707 Dycnisic
468 3623 618 3692 Palatino
639 3623 762 3691 Gemite
778 3624 819 3693 de
834 3624 972 3693 Zounuk
988 3633 1021 3694 et
1034 3627 1150 3696 iudice
1179 3629 1242 3696 Gu-

9 3777 11 3836 ,
115 3751 292 3816 manorum,
324 3729 472 3816 Nyoclao
501 3729 619 3798 Judice
649 3731 747 3799 Gurie
779 3739 888 3800 nostre
902 3730 1026 3800 Gemite
1044 3733 1085 3801 de
1101 3734 1246 3825 Gueolue,

9 3859 11 3920 i
114 3840 253 3908 ilenrico
263 3838 358 3905 Bauo
367 3835 471 3904 tocius
481 3835 668 3925 Solanonie,
683 3839 831 3923 Nycolao
841 3838 1011 3927 Woyuoda
1026 3839 1244 3911 Transiluano

113 3954 145 4015 et
160 3945 287 4015 Gomite
319 3943 362 4012 de
391 3943 541 4030 Zounuk,
575 3944 681 4013 Panlo
715 3948 806 4015 Bauo
832 3945 874 4015 de
904 3947 1054 4034 Zeurino,
1085 3948 1245 4020 Joacbiuo

9 4047 11 4068 '
114 4053 272 4138 MagIstro
288 4047 551 4118 Tanaruicornm
568 4050 695 4119 Gemite
709 4051 751 4119 de
766 4052 853 4140 Plys,
882 4053 1054 4141 Reyncldo
1086 4057 1245 4141 Magistro

9 4187 11 4204 =
115 4159 344 4246 Dapiteroruuu
376 4155 500 4224 Gomite
531 4157 815 4247 Zulgagenniemi,
834 4161 982 4247 Nycolao
998 4163 1156 4247 Magistro
1172 4165 1247 4234 Piu-

9 4319 11 4366 ἱ
115 4283 294 4348 ceruorum,
314 4262 475 4331 Herborto
493 4263 653 4350 Magistro
686 4266 876 4353 Agasonum
906 4275 1085 4337 nostrorum
1120 4270 1245 4344 Gemite

9 4373 11 4398 '
116 4374 154 4441 de
167 4373 313 4454 Bataua,
343 4369 437 4456 bloys
468 4369 627 4456 Magistro
659 4371 938 4442 Thavamiccrum
970 4375 1101 4444 domine
1121 4377 1245 4462 Regine

9 4489 14 4558 t
115 4479 275 4550 consortis
290 4484 401 4545 nostre
416 4477 602 4568 karissime,
634 4479 758 4549 Gomite
788 4481 985 4570 simigiensi,
1018 4481 1171 4553 Jobaune
1188 4484 1246 4554 Go-

9 4685 11 4690 ,
118 4588 192 4655 mite
222 4584 447 4673 Supruniensi,
480 4586 637 4672 Gregorio
672 4587 796 4657 Gemite
827 4588 935 4658 Gastri
966 4591 1087 4677 Petrei,
1119 4593 1249 4664 Dedalo
