3162 5200
14 2 188 243 va:
228 1 257 17 'ks'
282 1 326 16 [Γ
368 24 372 32 Ι
411 1 419 9 ·
449 17 459 30 3

163 39 168 49 ι
210 31 214 40 ’
250 34 255 42 “
288 35 293 47 r
397 47 403 54 ¹

74 55 112 84 ⁸a!

34 129 38 136 ¹
98 135 103 147 ι

14 299 16 312 r
277 298 280 308 ι

14 315 16 334 l

85 479 137 541 ¹est
150 477 362 558 compertum,
377 471 717 567 antiquitustempore
733 471 821 540 dicte
837 471 955 558 prioris
969 491 1085 557 guerre
1100 477 1214 542 tenue-
1347 470 1352 482 '

14 877 17 890 ι
87 795 224 880 predicta
240 815 313 862 oum
332 797 543 884 pertincnoiJs
564 796 632 866 suis
648 793 688 863 dc
720 802 828 865 octeno
859 796 1003 862 omnium
1034 795 1211 863 eorundem
1323 824 1328 832 ·

14 979 16 990 ,
88 903 338 990 supradictorum
369 903 585 990 Dedigiornm
616 904 660 970 ad
678 901 863 970 faciendam
895 899 1014 970 exinde
1045 908 1147 970 totam
1174 921 1214 970 ac
1340 921 1347 928 ·

566 279 729 378 Q

81 587 156 647 nunt
170 589 200 645 et
215 581 448 664 possederuut;
480 602 519 648 ao
535 581 679 668 ipsorum
710 579 886 648 heredibus
905 586 938 646 ot
969 582 1212 651 successoribus

87 688 180 756 libere
209 707 248 754 ao
264 688 402 774 pacifice
416 689 450 754 in
466 695 659 776 perpetuum
689 686 899 774 possidenda
914 687 957 752 Et
973 687 1016 752 sit
1041 686 1123 754 villa
1137 688 1214 773 ipsa

88 1011 298 1078 omnimodam
315 1032 410 1079 snam
429 1013 639 1099 voluntatem,
656 1033 721 1080 non
752 1010 957 1080 obstantibus
988 1011 1213 1078 instrumentis

90 1117 221 1203 publicis
238 1120 293 1186 rel
309 1119 426 1204 Regijs
440 1120 635 1208 priuilegiJs,
654 1139 711 1188 seu
728 1119 842 1204 aliqua
858 1137 1050 1205 quacunque
1066 1116 1213 1205 licencia,

86 1245 143 1291 rno
153 1227 205 1292 uel
215 1245 352 1293 unaseu
368 1228 527 1315 pluribus,
543 1247 608 1312 que
624 1229 677 1296 rel
693 1245 775 1310 quas
798 1226 973 1293 Commune
989 1244 1047 1292 scu
1063 1223 1211 1292 hominos

88 1331 124 1397 de
139 1331 281 1418 Spalato,
315 1333 369 1399 vel
385 1331 562 1401 Commune
592 1353 651 1401 seu
681 1333 828 1401 hominos
845 1331 885 1400 de
901 1331 1062 1416 Tragurio
1084 1351 1214 1417 quoquo

90 1439 175 1507 modo
191 1441 397 1509 obtinuerint
413 1444 461 1508 vel
489 1441 612 1509 habent
627 1441 668 1508 de
700 1441 846 1528 predicta
876 1441 964 1510 uilla.
995 1439 1066 1518 Quo
1098 1441 1213 1508 instru-

90 1555 200 1634 menta,
217 1549 394 1634 priuilegia
410 1557 442 1614 et
457 1550 576 1636 littero,
593 1551 621 1617 si
631 1571 697 1636 qua
713 1551 764 1618 vel
776 1552 804 1618 si
815 1569 877 1634 que
893 1549 1028 1616 ulterius
1045 1552 1215 1634 apparent,

14 1691 15 1694 π
83 1657 191 1722 omnia
206 1677 264 1723 seu
282 1677 408 1743 omnes,
426 1678 465 1724 ao
484 1659 614 1744 singula
645 1677 702 1726 seu
734 1655 883 1742 singulas
915 1675 1010 1723 cassa
1028 1662 1058 1720 et
1091 1674 1215 1739 cassas,

14 1763 15 1770 ’
90 1762 174 1830 irrita
188 1771 219 1829 et
250 1764 375 1854 irritas,
405 1787 511 1834 vacua
543 1773 577 1834 et
592 1788 726 1854 uacuas,
758 1767 880 1834 nullius
899 1764 1165 1849 rigoris,roboris
1181 1770 1214 1828 et

14 1871 16 1936 ζ
91 1872 202 1940 valoris
218 1872 378 1957 deinceps
393 1874 428 1941 iu
444 1882 636 1961 perpetuum
654 1873 724 1942 iore
740 1873 999 1961 pronunciamus.

186 1977 344 2048 Preterea
359 1981 529 2067 scopulum
546 1983 617 2050 sine
627 1983 766 2050 insulam
776 1988 924 2050 vocatam
941 1979 1055 2047 Sancti
1072 1977 1211 2062 Stefani,

14 2063 16 2170 J
82 2103 177 2171 :anper
192 2107 258 2169 qna
273 2087 364 2154 inter
379 2088 542 2175 predictas
558 2086 717 2158 Ciuitates
742 2091 868 2174 questio
900 2087 1101 2172 mouebatur,
1132 2084 1215 2151 arbi·

14 2203 15 2290 ζ
90 2199 202 2259 tramnr
217 2202 248 2260 et
259 2194 438 2262 diffinitiue
449 2195 689 2264 sentenciamns
701 2215 772 2264 esse
789 2194 830 2264 dc
850 2202 959 2262 cetero
974 2195 1008 2260 in
1025 2197 1214 2280 perpetuum

93 2299 268 2370 Communis
286 2301 431 2389 Spoleti,
448 2304 677 2371 nonobstante
696 2303 910 2370 instrumento
931 2301 1042 2384 aliquo
1052 2301 1103 2368 vel
1113 2300 1217 2384 Regio

14 2493 25 2576 ,

92 2406 255 2492 priuilegio
283 2428 345 2477 seu
376 2410 444 2475 alia
460 2430 652 2495 quacunque
668 2411 789 2496 littera,
806 2430 870 2477 uno
885 2408 937 2478 vel
953 2427 1018 2476 rna
1034 2408 1104 2474 siue
1119 2407 1217 2494 pluri-

94 2515 158 2601 bus,
174 2535 236 2599 que
252 2517 311 2582 vel
329 2536 411 2601 quas
432 2515 611 2584 Commune
626 2537 685 2585 seu
715 2517 865 2584 hominos
879 2515 920 2583 de
951 2515 1111 2600 Tragurio
1141 2535 1216 2600 quo·

85 2623 242 2708 quomodo
269 2623 481 2692 obtinuerunt
497 2625 547 2691 rel
564 2623 686 2692 habent
703 2625 743 2691 do
762 2623 892 2712 prefata
906 2625 1013 2691 insula
1029 2643 1086 2692 sen
1103 2642 1216 2711 seopu-

86 2732 141 2816 lo;
170 2752 233 2817 que
248 2734 475 2818 instrumenta,
508 2733 686 2820 priuilegia
702 2741 734 2801 et
748 2733 863 2820 littere,
897 2733 927 2800 si
943 2752 1009 2818 qua
1024 2733 1078 2799 val
1094 2732 1122 2800 si
1155 2752 1217 2815 que

91 2837 218 2908 ulterius
242 2848 452 2928 apparerent,
469 2841 779 2928 omniaseuomnes,
790 2839 969 2924 acsingnla
985 2858 1043 2906 seu
1059 2839 1217 2925 singulae,

87 2933 180 3014 cassa
195 2955 227 3015 et
243 2968 369 3034 cassas,
384 2949 478 3016 irrita
494 2955 526 3015 et
542 2949 662 3032 irritas,
678 2969 783 3017 vaona
799 2956 832 3016 et
848 2965 969 3015 vacuas
984 2947 1102 3014 nullius
1129 2947 1218 3032 rigo·

16 3123 18 3152 ,
95 3055 144 3141 ris,
157 3056 282 3124 roboris
317 3063 350 3122 et
364 3054 486 3122 valoris
503 3055 573 3123 iore
588 3055 628 3122 de
645 3063 753 3123 cetero
768 3055 803 3121 in
822 3061 1012 3141 perpetuum
1027 3051 1216 3138 pronuncia·

16 3169 20 3234 i
88 3181 167 3232 ‘mus
183 3165 366 3232 Ecclesiam
384 3184 461 3231 vero
481 3165 594 3232 Sancti
624 3165 713 3232 Petri
744 3164 785 3232 de
817 3162 996 3231 Clobuieoia
1028 3177 1099 3226 oum
1132 3160 1220 3226 omni

16 3311 19 3352 3
95 3271 244 3338 territorio
270 3290 340 3353 suo,
359 3275 391 3338 et
405 3277 523 3339 terram
540 3293 603 3358 que
618 3272 754 3339 Bistricn
773 3270 967 3355 nominatur,
988 3285 1085 3354 super
1101 3265 1218 3351 quibus

17 3379 19 3450 ξ
94 3375 171 3444 inter
199 3377 368 3463 predictas
399 3377 557 3448 Ciuitates
588 3379 713 3462 questio
749 3378 947 3463 vertebatur,
978 3396 1036 3462 per
1076 3381 1219 3444 nostram

17 3469 19 3534 ἔ
96 3484 296 3553 arbitrariam
328 3488 525 3554 sentenciam
566 3483 774 3554 diffinitiuam
803 3485 907 3569 Regie
940 3483 1105 3550 Maiestati
1135 3484 1220 3552 inter

17 3619 22 3666 ;.
91 3591 219 3657 easdem
235 3592 401 3679 predictas
418 3595 577 3662 Ciuitates
596 3594 807 3681 relinquimus
826 3592 1073 3686 terminandam.¹

196 3698 320 3767 Omnes
360 3709 468 3768 antem
509 3704 733 3788 possessiones
775 3700 962 3768 Communis
992 3707 1024 3767 et
1055 3699 1218 3766 hominum

18 3881 19 3890 ἵ
96 3803 216 3889 Spalati
230 3811 456 3894 quoquomodo
473 3818 637 3896 acceptas,
654 3812 786 3878 ablatas
801 3811 871 3877 sine
887 3808 1037 3876 venditas
1056 3826 1113 3894 per
1129 3804 1221 3872 Com·

91 3931 185 3982 mnne
209 3923 242 3982 et
258 3915 403 3983 homines
418 3918 570 4002 Tragurij
589 3926 657 3984 tam
673 3918 706 3984 in
723 3915 862 3984 Ciuitate
884 3937 980 4000 quam
998 3916 1032 3981 in
1053 3912 1219 3981 territorio

89 4019 236 4109 'Tragnnj
254 4024 287 4089 in
298 4023 360 4090 hac
376 4043 503 4108 guerra,
521 4045 583 4109 que
599 4025 844 4111 presencialiter
857 4023 1055 4108 habebatur,
1074 4017 1218 4087 arbitra·

99 4147 164 4194 mur
178 4138 210 4195 et
220 4131 393 4198 diffinitine
409 4132 648 4200 sentenciamus
659 4133 830 4200 Communi
846 4137 879 4198 et
895 4128 1079 4196 bominibus
1094 4125 1220 4210 Spaleti

19 4275 27 4323 '.
94 4251 167 4304 essa
196 4238 402 4323 integraliter
435 4239 674 4324 restituendes;
700 4250 731 4310 et
758 4262 778 4308 e
810 4256 968 4306 conuerso
1000 4233 1221 4323 possessiones

101 4339 277 4413 Communis
308 4352 341 4413 et
356 4345 521 4416 hominum¹
546 4349 697 4440 Tragurij
716 4345 939 4434 quoquomodo
955 4349 1118 4430 acceptas,
1133 4341 1222 4407 abla-

102 4451 150 4514 tas
165 4449 232 4517 sinc
246 4452 397 4521 venditas
413 4474 471 4540 per
503 4457 677 4524 Quumque
705 4463 737 4524 et
766 4454 912 4522 homines
944 4449 1074 4539 Spaleti
1105 4448 1220 4514 tamin

101 4553 239 4628 Ciuitate
268 4581 365 4646 qoam
397 4561 432 4628 in
447 4563 609 4632 territorio
640 4563 776 4650 Spaleti,
802 4561 972 4628 Communi
989 4567 1020 4628 et
1039 4555 1223 4626 hominibus

1056 4663 1116 4735 ib*
