3162 5200
372 463 455 552 ipsis
472 461 747 549 'l'raguriensibus
776 470 924 552 tempore
942 487 1043 554 supra
1061 465 1148 536 dicte
1163 465 1286 552 prioris
1300 485 1426 552 guerre,
1440 467 1497 536 sint

378 572 567 640 communia
595 577 628 639 et
658 571 822 638 hominum
855 574 1022 662 Tragurij,
1053 575 1167 661 eisque
1197 581 1410 660 permaneant
1438 576 1499 642 inre

376 685 533 766 perpetuo
556 678 691 766 pacifice
707 679 925 766 possidende;
950 684 1099 767 exceptis
1117 682 1354 768 prenominatis
1377 701 1495 767 posses-

379 787 525 856 sionibus
540 785 858 875 Archiepiscopctns,
874 787 1027 876 Capituli,
1044 789 1311 857 Monasteriorum
1329 790 1501 857 sechcle

378 895 503 962 siarum
533 892 679 980 Spalcti;
704 901 736 960 et
750 896 811 966 sub
844 899 1006 964 columma
1033 897 1112 966 ville
1128 897 1340 982 Dedigiorum
1367 895 1501 981 Ostrogb

377 1008 575 1088 nuncupate,
591 1021 630 1069 ao
644 1001 852 1091 infrascripta
867 1005 977 1072 insula
999 1003 1111 1072 Sancti
1126 1003 1295 1090 Stephani.
1312 1007 1355 1072 Et
1385 1023 1505 1091 posses

296 1191 301 1198 ,
378 1110 488 1178 aiones
503 1108 669 1177 bominum
685 1111 926 1198 linguntque
943 1114 1068 1180 suntin
1086 1109 1506 1181 dictameteseueolumus
1561 1139 1562 1148 ¹

379 1238 493 1286 versus
509 1218 683 1284 Ciuitatem
701 1217 828 1303 Spalati
847 1216 910 1307 (et)
927 1226 1073 1306 tempore
1090 1218 1268 1305 superioris
1294 1239 1412 1304 guerre
1440 1239 1504 1286 oon-

333 1385 337 1394 .
379 1342 472 1392 cesse
501 1323 640 1413 fuerunt,
671 1325 737 1392 sint
752 1325 919 1394 hominum
949 1326 1076 1414 Spalati
1106 1347 1166 1413 pro
1181 1327 1371 1395 concambio
1387 1345 1505 1412 posses-

344 1521 347 1526 ,
378 1431 507 1500 sionem
523 1451 665 1519 suarum,
683 1452 765 1518 quas
789 1433 866 1500 olim
892 1433 1077 1504 habuerunt
1092 1435 1126 1500 in
1159 1433 1319 1504 termtoric
1352 1433 1505 1519 Tragurij.

380 1540 423 1606 Et
439 1541 514 1625 quia
547 1540 733 1608 examinata
749 1548 782 1608 et
798 1540 955 1627 inquisita
979 1563 1038 1630 per
1053 1564 1113 1612 nos
1132 1544 1270 1613 veritate
1290 1544 1505 1630 comperimus,

302 1653 313 1728 j
382 1648 469 1730 quod
494 1649 715 1736 possessiones
740 1650 906 1719 homiuum
940 1651 1078 1736 Spalati,
1108 1671 1172 1737 que
1205 1659 1299 1726 erant
1314 1673 1337 1718 a
1368 1655 1506 1719 columna

382 1756 490 1842 posita
520 1756 556 1824 in
588 1764 676 1823 terra
705 1777 817 1827 verum
848 1757 1045 1842 Tragurium
1077 1760 1159 1827 etin
1187 1759 1320 1826 ciuitate
1353 1760 1505 1844 Tragurfi‚

383 1871 478 1931 eraut
501 1863 535 1930 in
553 1863 669 1932 maiori
685 1865 870 1950 quantitate
887 1885 984 1950 quam
1003 1872 1097 1935 erant
1112 1867 1337 1950 possessiones
1355 1866 1507 1952 Tragurij,

381 1991 447 2055 qne
478 1977 570 2040 erant
585 1994 606 2041 a
621 1972 811 2058 supradicta
841 1974 994 2042 columna
1025 1973 1110 2042 iutra
1140 1994 1256 2042 versus
1288 1975 1456 2059 Spalatum
1477 1973 1506 2039 in

384 2080 547 2148 territorio
563 2087 595 2148 et
611 2079 752 2150 Ciuitate
771 2079 910 2168 Spalati,
932 2080 1136 2168 proterimus,
1160 2080 1358 2149 arbitramur
1375 2090 1408 2149 et
1436 2079 1507 2148 diffi-

384 2187 474 2252 nitue
514 2187 766 2266 sentenciamus‚
801 2186 889 2272 quod
923 2189 1099 2257 Commune
1129 2195 1161 2256 et
1185 2187 1331 2258 homines
1366 2189 1504 2273 'Ibagurij

385 2293 472 2379 dent,
489 2296 678 2380 persolnant
695 2301 727 2361 et
741 2295 912 2380 assignent
926 2295 959 2362 in
980 2295 1112 2365 ciuitate
1136 2297 1283 2384 Spalati,
1303 2295 1379 2364 siue
1410 2295 1503 2364 eidem

386 2401 519 2470 Ciuitoti
549 2402 678 2489 Spalati
708 2401 881 2488 recipienti
912 2403 984 2474 vice
1017 2412 1050 2473 et
1073 2404 1202 2472 nomine
1229 2393 1374 2475 omnium
1388 2405 1501 2476 illorum

385 2509 579 2596 specialium
595 2509 846 2597 Spalateusinm,
862 2513 917 2596 qui
936 2512 1160 2598 possessiones
1185 2512 1373 2580 habuerant
1403 2513 1506 2578 tamin

387 2617 548 2686 territorio
578 2637 677 2703 quarn
692 2619 726 2685 iu
743 2619 874 2688 ciuitate
896 2621 1061 2708 Tragurij,
1086 2622 1149 2688 tria
1164 2620 1269 2688 millia
1284 2620 1443 2687 librarum
1457 2621 1507 2686 Ve-
1543 2607 1545 2610 ’

387 2733 453 2794 net.
470 2744 560 2812 parv.
578 2725 612 2792 iu
629 2725 733 2793 tribus
749 2726 905 2812 terminis,
934 2727 1123 2795 videliceta
1144 2728 1229 2796 festo
1254 2728 1373 2795 Sancti
1404 2728 1509 2796 bliche-

387 2835 451 2901 elis
465 2833 585 2901 mensis
601 2832 801 2918 Septembris
817 2834 961 2920 proxime
980 2835 1081 2903 futuri
1092 2837 1124 2902 in
1136 2843 1235 2902 antea
1253 2855 1357 2920 usque
1368 2835 1506 2904 aduunn

387 2961 509 3010 aunum
525 2939 720 3025 completum
741 2946 816 3008 tunc
842 2940 992 3027 primitus
1017 2949 1187 3010 uentumm
1212 2942 1312 3010 libras
1338 2943 1393 3026 ltl;
1416 2953 1447 3010 et
1467 2944 1503 3006 ab

388 3049 465 3116 inde
479 3049 515 3114 in
547 3057 644 3114 antea
675 3066 778 3133 usque
808 3048 958 3116 adalind
990 3049 1108 3118 festum
1140 3051 1253 3118 Sancti
1285 3033 1460 3119 Michaelis
1479 3051 1509 3118 in

388 3156 595 3224 reuolucione
609 3156 689 3222 anni
704 3163 780 3222 tuuc
796 3157 940 3241 proxime
964 3159 1090 3224 venturi
1107 3158 1189 3228 alias
1205 3158 1238 3223 nl
1270 3159 1393 3242 libras3
1417 3163 1448 3226 et
1461 3155 1507 3223 ‹le-

390 3264 467 3332 inde
481 3264 516 3331 iu
531 3271 629 3332 antea
653 3283 759 3349 usque
775 3263 817 3332 ad
834 3266 969 3332 tercium
985 3267 1102 3334 festum
1118 3267 1230 3334 Sancti
1245 3265 1420 3335 Michaelis
1435 3265 1512 3335 simi·

389 3373 468 3440 liter
484 3371 517 3436 in
533 3371 742 3439 deuolucione
758 3371 835 3438 anui
867 3378 944 3440 tunc
964 3373 1109 3457 proxime
1129 3374 1257 3442 uenturi
1283 3375 1407 3441 tercias
1435 3372 1509 3440 alias

390 3479 424 3542 M
439 3477 550 3544 libras.
1568 3547 1570 3554 ,

499 3584 587 3652 Villa
603 3591 711 3652 autem
728 3606 790 3670 que
806 3591 1010 3672 nuncupatur
1026 3585 1174 3674 Ostroch,
1189 3607 1288 3674 super
1303 3609 1406 3674 quam
1437 3590 1511 3656 inter
1565 3555 1570 3672 Ι

391 3693 557 3782 predictas
590 3681 747 3762 Ciuitates
779 3693 910 3779 Spalati
941 3701 974 3760 et
993 3695 1144 3780 Tragurij
1177 3697 1303 3780 questio
1328 3679 1514 3781 certabatur,
1567 3675 1570 3782 l

392 3800 549 3884 inquisita
564 3820 623 3885 per
637 3801 819 3888 priuilegia,
836 3801 1086 3872 testificacioues
1113 3802 1276 3870 hominum
1308 3803 1514 3872 veridicorum
1567 3797 1570 3884 i

392 3909 567 3994 diligenter
591 3908 738 3996 ueritate,
755 3929 815 3996 per
829 3916 975 3978 nostrum
994 3910 1162 3978 arbitrium
1179 3917 1212 3977 et
1227 3912 1430 3978 sentenciam
1446 3910 1516 3978 effi·
1565 3895 1570 4008 ’ξ

394 4015 531 4085 nitiuam
548 4017 596 4083 sio
611 4015 760 4086 duximus
777 4017 1034 4100 terminandum
1059 4017 1211 4085 videlicet
1237 4019 1325 4104 quod
1340 4018 1426 4089 villa
1452 4038 1515 4087 euru
1568 4009 1570 4050 ¹

393 4127 463 4194 suis
479 4124 632 4210 pasculis,
641 4125 754 4210 pratis,
772 4126 966 4213 nemoribus,
988 4126 1083 4211 aquis
1100 4133 1132 4193 et
1148 4126 1297 4214 omnibus
1314 4127 1517 4196 circumstan·
1568 4117 1570 4178 ἕ

395 4233 456 4319 cijs
474 4229 534 4320 (et)
566 4232 777 4323 pertinencijs
809 4234 877 4300 suis
908 4251 967 4319 per
983 4231 1233 4304 Oommuue'sen
1256 4235 1433 4304 ciuitatem
1446 4233 1518 4303 ‘Pra-
1568 4183 1570 4302 Ξ

276 4403 281 4411 .
395 4339 481 4426 gurij
499 4339 645 4407 totaliter
661 4361 701 4409 ac
724 4342 867 4410 finaliter
883 4362 905 4407 a
920 4340 1016 4411 modo
1045 4341 1250 4428 relinquatur
1280 4345 1432 4414 omnibus
1461 4341 1518 4409 illis
1568 4339 1570 4402 l

394 4448 666 4517 commorantibus
698 4448 825 4536 Spaleti
854 4449 908 4518 vel
925 4450 1091 4536 Tragurij,
1122 4451 1177 4536 qni
1201 4451 1387 4538 vulgariter
1412 4453 1518 4534 lingue
1568 4425 1570 4550 Ξ

396 4553 589 4623 Solanonics
604 4555 724 4640 Dedigi
741 4556 966 4645 appellantem
988 4557 1044 4643 qui
1059 4557 1180 4646 eciam,
1190 4557 1276 4626 sicut
1292 4564 1378 4628 certo
1404 4557 1518 4627 ceroim
1568 4563 1570 4646 l

1460 4785 1466 4790 -
1562 4647 1570 4836 l
