3162 5200
535 347 697 448 ..se-

9 617 10 622 ¹
77 541 157 611 nobis
171 542 411 627 presencialiter
427 541 680 628 adherentibus,
705 557 841 627 quorum
857 563 948 630 unus,
981 544 1107 612 seilicet
1123 542 1180 612 Ni·
1196 587 1203 594 -

9 695 13 736 ζ
79 647 172 718 solans
185 650 359 720 antedictus
375 669 412 719 se
427 671 528 737 osque
543 651 678 720 fluuium
692 653 769 738 Vng
795 656 1052 722 commetanerm
1077 652 1183 740 ipsius

9 775 11 844 ,
76 756 336 842 terreatiirmauit,
361 765 395 824 et
409 759 493 826 vltra
508 756 644 825 fluuium
661 765 867 846 prenotatnm
884 777 1037 846 separare
1051 758 1181 845 depos
1305 743 1309 750 ¹

9 907 11 970 ἰ
75 863 197 932 sessione
211 864 309 950 Regis
325 863 459 934 blonbar
474 872 593 934 uocata
610 888 618 952 ;
638 870 671 933 et
695 865 781 933 idem
812 863 888 933 (ihs.
919 886 992 934 eum
1023 866 1091 934 filio
1122 888 1180 936 sno
1205 931 1207 945 ,

9 977 14 1062 l
75 971 219 1056 Stephano
233 974 473 1057 possessiouem
488 992 581 1042 suam
599 971 722 1060 (lbepel
743 979 894 1042 roesam
925 992 999 1042 eum
1030 975 1180 1043 omnibus

9 1075 11 1176 ξ
74 1078 248 1149 utilitatibus
261 1081 332 1150 sois
347 1088 380 1149 et
395 1079 618 1168 pertineneiJs,
635 1082 696 1150 sub
713 1081 855 1168 antiquis
874 1081 969 1152 rumis
980 1090 1012 1149 et
1021 1083 1179 1170 terminis,

9 1195 14 1258 l
75 1184 148 1254 dedit
162 1207 198 1254 ao
212 1186 357 1255 vendidit
373 1207 432 1275 pro
446 1187 670 1274 quadraginta
684 1189 804 1258 mareis
835 1189 892 1256 dni
922 1192 1053 1276 argenti
1081 1191 1182 1277 plene
1202 1245 1204 1251 ,

74 1293 226 1377 persolutis
242 1301 275 1362 et
289 1297 454 1382 pereeptis
471 1317 550 1382 sepe
565 1295 652 1364 dieto
667 1295 793 1366 Jaenbo
807 1295 875 1364 filio
891 1297 1038 1384 Gregori,
1063 1303 1096 1366 et
1120 1317 1203 1385 pem·

72 1420 133 1468 eum
146 1400 310 1472 heredibus
326 1403 394 1472 suis
424 1404 644 1489 heredumque
675 1425 807 1473 suornm
836 1405 1078 1475 suecessoribus
1110 1406 1180 1474 inre

71 1513 205 1595 perpetuo
221 1517 253 1576 et
267 1510 533 1582 irreserabiliter
551 1509 791 1598 possidendam,
814 1513 989 1581 tenendam
1006 1512 1181 1599 periberet

9 1665 13 1702 ,
71 1613 245 1687 babendum.
260 1619 313 1686 Ita
328 1626 448 1706 tamen,
466 1618 702 1705 requiemque
718 1638 871 1706 proeesse
886 1626 1067 1706 temporum
1082 1637 1181 1706 super

9 1705 13 1812 l
71 1723 228 1810 predictam
243 1726 486 1813 possessionem
503 1747 635 1795 eausam
651 1746 783 1796 monere
798 1726 987 1811 intenderet,
1019 1727 1076 1794 uel
1108 1747 1203 1813 pre·-

9 1815 13 1864 '
71 1840 177 1901 sentem
193 1836 396 1921 empeionem
413 1835 575 1920 imitaret3
591 1840 711 1902 extans
727 1834 815 1905 idem
832 1834 909 1902 Che.
927 1833 981 1902 uel
996 1853 1059 1902 sna
1074 1839 1200 1920 poste·
1278 1883 1282 1904 .

9 1871 14 2012 i
73 1941 140 2009 ritus
152 1943 346 2010 tenebuntur
361 1943 520 2028 expedire
535 1942 657 2010 dietum
672 1943 831 2012 Jaeobum
846 1941 952 2009 filium
970 1940 1108 2028 Gregori
1124 1941 1190 2008 uel

73 2045 191 2117 heredes
206 2067 282 2119 snos
297 2051 443 2138 proprijs
467 2049 636 2118 laboribus
667 2057 700 2116 et
730 2050 891 2137 expensis
930 2050 970 2116 ln
1000 2047 1091 2118 cuius
1122 2069 1187 2134 rey*

70 2154 268 2224 testimonium
285 2163 458 2244 presentes
477 2161 694 2226 eoneessimos
709 2155 811 2242 sigilli
843 2155 1020 2225 munimine
1050 2156 1203 2224 robora·—

68 2269 118 2331 tas.
133 2263 342 2336 Presentibns
356 2273 466 2334 tamen
481 2265 642 2335 bliehaele
656 2265 837 2355 Prepesito,
853 2264 1016 2333 Farkasio
1031 2263 1179 2353 cantore,
1196 2329 1198 2334 ,

69 2369 174 2441 l'boma
189 2375 340 2460 Lentone,
354 2373 454 2463 Myko
469 2372 619 2462 Custode,
635 2375 767 2443 llareho
783 2373 824 2441 de
840 2374 954 2460 Pathn,
967 2371 1127 2440 Ladiulao
1138 2373 1182 2442 de
1197 2411 1199 2416 ¹

68 2479 193 2566 Zemlyn,
208 2481 375 2551 Anthemio
392 2481 434 2550 de
449 2481 605 2568 Sumbun,
636 2481 772 2548 Vrbano
787 2478 828 2549 de
846 2479 997 2569 Zaboleb,
1026 2477 1124 2548 Petro
1140 2480 1183 2550 de

69 2586 138 2675 llng,
154 2589 254 2658 Saule
271 2590 314 2659 de
329 2591 467 2678 Borsua,
484 2590 587 2658 Paulo
604 2589 645 2658 de
659 2589 786 2675 Kemey
801 2580 1048 2656 drebidiaeonis
1060 2593 1093 2655 et
1103 2587 1186 2675 alijs
1196 2623 1204 2644 ·-

69 2699 181 2785 moltis,
215 2719 304 2766 anno
343 2699 475 2766 Domini
514 2696 783 2765 M⁰GO⁰LX⁰V1t
822 2698 991 2780 Regnents
1024 2696 1180 2764 Ladinlao

70 2797 177 2874 Illustri
192 2809 285 2892 Rege
302 2806 480 2894 Hungarie,
497 2805 714 2892 Strigoniensi
730 2803 816 2872 Sede
833 2811 989 2887 vasante;
1013 2803 1190 2889 Stephano

29 2913 33 2926 '
70 2911 221 2984 Coloeensi
250 2915 530 3004 arehiepiscop03
554 2921 587 2983 et
602 2913 732 2981 domino
748 2919 857 2981 nestro
875 2909 1054 2980 venerabili
1085 2917 1201 2996 patre·

68 3019 183 3090 budrea
197 3023 260 3092 Dei
279 3023 394 3108 grania
408 3022 571 3111 Episcopo
587 3021 741 3108 Agriensi
756 3019 976 3090 enistentibos.

66 3219 192 3296 lbredetie
209 3221 398 3287 bdrbairtybn,
429 3237 446 3274 s
476 3219 638 3272 adid-vdrds
669 3217 908 3284 selyemzsindron
938 3218 1055 3284 tiiggbtt
1084 3214 1208 3282 penset.
1344 3293 1347 3303 Ι

250 3313 403 3376 elueszstt3
429 3309 551 3363 sbudal
563 3309 617 3364 kin.
636 3309 764 3362 kamarai
789 3308 984 3370 levtltarban.)
