3162 5200
574 337 736 440 ...¹9—

80 542 188 606 nostro
204 532 427 620 dignaremur
442 534 616 622 priuilegio
633 534 834 603 confirmare.
849 534 950 604 (iuius
965 533 1095 620 quidem
1121 531 1218 621 priui-

77 643 153 729 legij
183 649 282 710 tenor
315 643 394 712 talis
411 649 461 710 est
476 669 484 710 :
500 644 688 731 Stephanus
719 641 783 710 Dei
807 642 922 728 grauia
940 642 1120 729 Hungarie,
1138 639 1216 712 Del·

80 749 190 834 ruaeie,
205 750 360 838 Croaeie,
377 751 490 837 Reme,
507 751 631 837 Seruio,
649 751 800 836 Gallieie,
826 749 1029 835 Lodomerio,
1062 748 1220 822 Cumanis

80 856 303 944 Bulgarieque
335 863 406 928 Rex
422 859 583 928 sniusrsis
611 860 731 927 Christi
748 860 897 930 fidelibus
913 880 1048 947 presens
1064 861 1219 946 seriptum

81 966 278 1055 inspeoturis
295 968 439 1035 salntem
456 969 490 1035 iu
506 968 624 1037 salutis
645 967 810 1053 largitore.
828 969 871 1037 Vt
886 967 1083 1035 donaciones
1108 987 1220 1054 porpe-

82 1082 136 1143 tua
149 1072 326 1144 soliditate
355 1074 546 1159 solidentur,
570 1097 612 1144 ne
627 1096 686 1163 per
701 1074 885 1163 quempiam
909 1095 1130 1145 suceessorum
1146 1095 1218 1160 pos·

82 1182 146 1250 sint
160 1183 315 1250 reuocari
330 1185 386 1251 vel
401 1183 534 1268 irritari,
550 1183 734 1252 litterarum
750 1185 856 1252 solent
870 1183 1055 1254 testimonio
1080 1203 1219 1253 eommu-

13 1321 14 1324 ¹
83 1291 154 1356 uiri.
169 1291 191 1357 J
194 1290 301 1356 ustius
318 1298 429 1358 antem
445 1291 574 1359 uidetur
592 1299 625 1359 et
641 1290 781 1377 dignius,
797 1289 885 1376 quod
899 1290 1039 1359 maxima
1055 1290 1221 1359 intonsus·
1281 1285 1287 1298 '

84 1417 152 1466 sum
166 1405 376 1484 permaneat,
393 1398 479 1483 quod
496 1397 600 1483 Regia
614 1398 862 1485 Magnifieeueia
877 1399 995 1468 salutis
1007 1419 1107 1470 eausa
1120 1399 1221 1469 duxe-

84 1507 126 1572 rit
140 1505 366 1590 largiendum.
399 1505 539 1574 Proinde
569 1509 613 1575 ad
629 1507 852 1576 uniuersorum
886 1506 1044 1576 notioiem
1070 1508 1219 1578 uolumus

88 1613 259 1699 peruenire
277 1637 286 1679 :
304 1612 393 1699 quod
419 1634 479 1680 nos
509 1615 565 1701 pia
581 1621 614 1683 et
643 1614 765 1684 salubri
797 1612 1061 1684 oonsideraeione
1091 1613 1216 1682 induoti

86 1727 185 1790 terras
216 1722 373 1789 Dueatus
404 1726 437 1787 ot
460 1720 752 1806 Zulgageurienses
783 1723 907 1810 Torvu,
938 1721 1049 1808 Zoyoh
1081 1729 1114 1788 et
1128 1722 1223 1790 Kaad

89 1835 222 1896 uooatas
238 1830 277 1896 in
294 1829 461 1898 Comitatu
477 1829 638 1898 Pestiensi
654 1829 843 1918 existentes,
860 1850 933 1899 eum
957 1829 1106 1898 omnibus
1137 1828 1222 1897 utili·

13 1969 14 1974 =
87 1936 216 2022 tatibus,
247 1943 284 2004 et
302 1957 376 2005 oum
408 1936 503 2006 Yllsw
532 1938 651 2026 insula,
682 1957 742 2023 pro
773 1958 838 2023 qua
855 1935 1056 2024 questionem
1074 1942 1221 2006 mouerat

89 2045 289 2146 Lumsneius
308 2045 478 2116 Palatinus
492 2046 582 2115 filius
597 2049 734 2137 Kemon,
750 2067 849 2133 quam
864 2047 1065 2131 inuestigata
1089 2045 1220 2132 profun-

90 2153 312 2222 diusseritate
331 2155 545 2242 comperimus
555 2157 720 2242 pertinere
731 2156 773 2224 ed
785 2157 939 2239 Magnam
960 2153 1103 2223 Insulam
1120 2156 1223 2238 Regis

92 2261 295 2349 Maiestatis5
319 2283 401 2348 quas
432 2272 539 2332 terras
572 2262 744 2331 Lorandus
775 2263 861 2332 filius
900 2263 1002 2332 Marsi
1035 2262 1076 2329 de
1108 2270 1219 2330 nostra

93 2368 166 2438 olim
195 2369 397 2458 possederat
423 2371 615 2453 eollaoione,
648 2372 704 2456 qui
720 2371 892 2440 oommissa
907 2368 1099 2438 infidelitate
1114 2368 1156 2436 de
1170 2391 1222 2438 no

94 2481 156 2546 stro
169 2478 349 2562 aufugerat
363 2480 488 2565 Regno,
504 2498 576 2544 eum
594 2476 716 2546 eisdem
748 2476 890 2545 metiret
919 2476 1074 2563 terminis,
1106 2477 1224 2560 quibus

13 2589 14 2622 ³
95 2585 196 2654 dietus
226 2585 402 2654 Lorandus
434 2583 635 2673 possederat,
667 2585 860 2654 donauimus
878 2583 1025 2654 dedimus
1041 2590 1074 2652 et
1089 2585 1223 2654 eontuli-

96 2713 162 2761 mus
177 2693 383 2762 llonastsrio
399 2694 521 2761 Senote
552 2693 655 2760 llario
671 2693 712 2762 de
743 2691 856 2761 insula
885 2693 1056 2782 Leporem,
1085 2693 1140 2762 vbi
1156 2693 1224 2760 tilia

13 2787 15 2808 ⁸
97 2808 206 2869 nostra
235 2801 428 2889 karissima,
445 2821 486 2870 ao
500 2801 567 2870 alie
584 2819 713 2870 sorores
744 2800 875 2873 Ordinis
896 2801 1137 2870 Prsdieatorum
1153 2801 1225 2870 Deo

98 2907 210 2992 iugiter
227 2909 428 2978 famulantes
459 2918 708 2997 commorantur,
733 2919 889 2999 perpetuo
904 2918 938 2978 et
968 2909 1225 2978 irreuooabiliter

99 3015 320 3101 possidendas.
352 3017 438 3084 Mete
454 3023 562 3084 antmn
578 3024 611 3085 et
626 3017 755 3084 termini
770 3017 990 3104 predictarum
1006 3025 1161 3084 terrarum
1180 3018 1222 3084 he

98 3131 170 3190 sunt
185 3150 193 3191 ε
210 3125 320 3192 Prime
334 3129 420 3193 mete
434 3125 594 3212 incipiunt
625 3146 725 3211 prope
756 3127 875 3193 siluam
907 3125 1042 3194 horosht
1070 3132 1219 3194 rosatum

13 3253 14 3256 ¹
103 3232 304 3314 uDanubi03
330 3233 406 3300 hino
437 3235 540 3302 tendit
565 3255 676 3303 uersus
696 3235 850 3302 orientem
873 3233 915 3300 ad
948 3229 1110 3320 quoddam
1125 3231 1225 3304 sossu-

100 3347 174 3430 tum,
188 3361 249 3428 per
263 3339 352 3426 quod
367 3343 482 3411 transit
498 3341 553 3410 via
569 3363 644 3427 vna,
660 3342 715 3410 vbi
729 3342 875 3410 similiter
885 3347 961 3411 sunt
979 3348 1081 3428 mete;
1106 3340 1226 3410 deiude

101 3449 188 3517 radit
216 3451 262 3517 ad
278 3449 370 3517 aliud
399 3450 556 3518 fossatum
586 3450 735 3518 similiter
765 3471 878 3520 versus
898 3450 1063 3541 orientem,
1079 3451 1113 3517 iu
1130 3451 1223 3518 ouius

102 3557 203 3625 medio
219 3565 298 3626 sunt
312 3564 415 3644 mete;
439 3557 513 3625 hino
529 3558 714 3645 proceditur
729 3559 837 3626 aduoh
853 3559 896 3627 ad
912 3565 1024 3644 partes
1049 3561 1224 3629 orientales

13 3755 14 3758 Ἴ
104 3664 191 3734 iuxta
222 3667 328 3734 looum
359 3665 415 3749 qui
441 3681 575 3735 voratur
610 3666 821 3754 Zoyolrtellsy,
853 3667 906 3753 qni
924 3666 1015 3736 loeus
1031 3675 1082 3736 est
1096 3689 1118 3736 a
1132 3678 1226 3755 parte

13 3843 14 3846 ,
104 3773 317 3860 uille'l'orrun,
332 3773 386 3841 rbi
402 3773 555 3842 similiter
570 3780 648 3841 sunt
666 3781 770 3856 mete;
793 3773 870 3841 inde
901 3771 1049 3860 prooedit
1078 3773 1122 3841 ad
1153 3795 1227 3844 ean·

106 3881 174 3950 dem
204 3889 332 3968 partem
363 3881 551 3949 orientalem
583 3881 626 3951 ad
643 3889 749 3950 metas
770 3902 832 3967 que
847 3889 923 3950 sunt
939 3881 1022 3950 iuter
1037 3882 1120 3951 duas
1136 3884 1227 3966 rias;

13 3979 15 4014 ÷
108 3989 220 4056 allino
237 3989 343 4074 uergit
357 4009 416 4075 per
432 3990 520 4057 uiam
535 4010 633 4058 snam
653 4009 765 4059 uersos
785 3989 897 4059 domos
913 3999 945 4056 et
960 3991 1080 4058 siluam
1111 3991 1229 4060 Welelr

13 4115 15 4184 g
108 4097 310 4166 etllihedeus
326 4097 545 4186 Nyaraswelg
564 4107 724 4185 vocatam,
742 4100 834 4180 iuxta
850 4119 947 4184 quam
962 4099 1028 4168 sint
1043 4106 1127 4168 mete
1143 4100 1228 4168 inter

13 4213 15 4286 ξ
111 4204 183 4274 dues
199 4209 292 4293 vias3
316 4207 471 4292 aquibus
488 4208 582 4277 metis
607 4207 750 4276 declinat
766 4207 810 4274 ad
840 4213 964 4293 partem
997 4205 1228 4276 occidentalem

13 4353 15 4366 r
110 4312 259 4383 adunum
291 4322 429 4404 pratum,
462 4317 552 4383 iuxta
586 4316 672 4400 quod
702 4323 779 4382 sunt
795 4314 969 4382 metehino
985 4324 1016 4382 et
1033 4314 1127 4399 inde;
1153 4315 1229 4384 hino

15 4499 21 4504 ¹
112 4421 192 4490 iuxta
207 4423 293 4491 idem
309 4430 436 4508 pratum
453 4423 559 4490 tendit
576 4442 689 4492 uorsus
706 4422 871 4490 meridiem
889 4421 931 4490 ad
962 4431 1064 4490 terras
1096 4424 1230 4490 Tawar·

13 4529 14 4538 ’
112 4529 255 4616 nieorum,
264 4533 319 4600 rbi
334 4537 410 4600 sunt
425 4538 512 4600 mete
533 4532 749 4617 distinguntes
769 4540 873 4601 terras
888 4530 1004 4601 Welels
1014 4537 1047 4599 et
1062 4529 1230 4601 Mihodeus

13 4653 14 4660 ³
115 4657 148 4705 ao
162 4639 423 4710 'lawaruieorum
438 4661 460 4706 a
481 4640 577 4709 terris
601 4639 792 4728 prenotatis,
810 4646 843 4707 et
857 4641 901 4708 ibi
919 4639 1116 4708 terminatur.
1147 4638 1230 4710 Item
