3102 5196
911 984 988 1053 sel.

364 1185 426 1254 IV·
440 1185 556 1252 Lente
572 1185 684 1272 kirety
700 1185 846 1271 biscopes
860 1185 1083 1272 birtokperueic
1098 1188 1306 1254 desumet-sl
1323 1212 1345 1253 a
1357 1189 1484 1273 spuere

408 1293 473 1378 peti
488 1293 717 1378 epdcsazdrclc
733 1294 765 1360 es
785 1292 834 1358 ot
850 1316 958 1380 comeo,
974 1294 1180 1362 &monnau
1188 1295 1243 1378 fia
1258 1297 1337 1362 icosi„
1351 1297 1446 1364 1283.

471 1486 539 1554 Nos
557 1484 732 1555 Ludiciaus
758 1488 819 1553 Dei
850 1484 965 1572 grecis
995 1488 1067 1554 Rex
1100 1487 1242 1573 Vngsrie
1273 1490 1484 1575 significemus
1531 1571 1536 1579 Ι

317 1647 319 1655 .
364 1595 526 1665 uniuersis
541 1595 657 1681 quibus
673 1595 806 1681 expedit
821 1595 1022 1683 presencium
1039 1616 1098 1683 per
1113 1603 1268 1684 tenorem,
1300 1600 1387 1684 qued
1415 1601 1485 1668 licet

365 1705 453 1772 inter
468 1703 624 1772 Comitem
640 1703 693 1771 or
708 1703 810 1771 filium
825 1702 995 1771 Samsonis
1010 1704 1054 1770 ab
1070 1723 1137 1770 una
1152 1711 1255 1790 parte,
1276 1714 1309 1774 et
1323 1706 1408 1774 inter
1422 1729 1484 1795 pro-

364 1819 529 1880 curatores
568 1832 625 1879 seu
657 1810 814 1879 officiales
846 1810 977 1878 domiue
1009 1811 1200 1899 Elysabeth,
1232 1814 1352 1882 sororis
1386 1823 1484 1884 nostre

364 1918 550 2005 karissime,
567 1925 600 1986 et
615 1920 755 1987 aliarum
770 1937 916 1988 sororum
932 1920 974 1986 de
991 1919 1107 1986 Insula
1122 1919 1223 1988 Beate
1239 1919 1397 2008 Virginis,
1427 1922 1482 1989 irc·

362 2035 412 2099 tre
427 2024 581 2097 uidelicet
597 2029 709 2113 Pnulo,
725 2027 879 2095 Marcello
896 2033 930 2094 et
943 2027 1173 2096 Bartholomeo
1190 2048 1248 2115 pro
1265 2029 1390 2098 eisdem
1406 2049 1483 2099 soro·

362 2136 454 2203 ribus
470 2134 513 2202 eb
528 2135 634 2202 sltem
658 2154 767 2203 eorem
799 2134 892 2201 nobis
923 2134 1142 2221 personaliter
1172 2137 1367 2222 constitutis,
1397 2159 1484 2224 super

362 2242 450 2311 iacto
466 2243 604 2311 duorum
621 2243 865 2330 possessionum
882 2243 996 2311 Jenew
1022 2251 1055 2311 et
1079 2244 1176 2311 Nune
1199 2253 1403 2335 necatarum,
1431 2267 1485 2331 que

363 2351 447 2437 ipsis
479 2350 644 2419 sororibus
675 2369 734 2436 per
765 2349 903 2436 Morisn,
936 2349 1037 2416 filium
1068 2350 1217 2439 Moryen,
1248 2355 1484 2437 generacionem

224 2481 227 2489 ’
363 2458 508 2528 eiusdem
526 2459 662 2528 Comitis
678 2459 740 2544 ek,
758 2481 818 2545 pro
834 2460 942 2526 salute
956 2459 1066 2527 anime
1096 2459 1243 2528 eiusdem
1274 2461 1397 2529 collate
1424 2461 1483 2528 iue-

362 2576 449 2652 rsut,
464 2566 603 2635 motoria
618 2566 802 2653 questionis
819 2567 945 2635 diucius
961 2568 1075 2634 suisset
1092 2570 1271 2657 uentilutc;
1294 2575 1327 2637 ct
1345 2568 1483 2656 quamuis

364 2676 450 2743 idem
468 2673 583 2744 Comes
599 2674 652 2742 Ok
669 2677 815 2762 prefatus
832 2675 1056 2762 possessiones
1072 2676 1153 2745 dieti
1184 2677 1332 2766 Moryen,
1363 2678 1482 2746 racione

361 2784 588 2870 generacionis
604 2783 707 2869 ipsius
723 2784 785 2852 sibi
803 2785 935 2852 deuoiui
952 2786 992 2850 de
1009 2784 1079 2852 iure
1097 2783 1288 2873 affirmaret,
1319 2794 1353 2854 et
1369 2786 1483 2853 linens

364 2913 423 2962 seu
439 2893 617 2978 priuilegia
633 2912 729 2980 super
744 2893 831 2961 fecto
848 2892 1006 2960 dictarum
1024 2893 1262 2978 possessionum
1279 2891 1432 2962 fateretur
1453 2913 1482 2960 sc

359 3001 480 3070 hebere
495 3025 503 3068 ε
521 3008 628 3069 umen
644 3004 723 3085 quia
737 3001 841 3069 uisum
868 3001 960 3068 nobis
992 3001 1107 3089 extitit,
1124 2999 1210 3084 quod
1226 3001 1313 3070 idem
1348 3004 1480 3090 Morycm

364 3110 440 3178 dum
458 3110 564 3178 adhue
585 3111 721 3198 uiueret,
753 3110 896 3197 prefatas
913 3109 1133 3196 possessiones
1150 3131 1208 3196 pro
1223 3111 1366 3180 remedio
1389 3112 1482 3179 enimc

359 3239 418 3288 sue
433 3220 513 3306 ipsis
528 3220 704 3306 sororibus,
719 3216 838 3305 iugiter
853 3221 923 3287 Deo
940 3219 1184 3308 famulantibus,
1204 3241 1244 3287 cx
1275 3229 1389 3288 nostre
1418 3238 1478 3306 per-

361 3327 518 3395 missione
534 3326 674 3396 dederct
689 3335 722 3395 et
737 3329 923 3412 iegeueret3
947 3347 1006 3394 nos
1023 3328 1154 3396 easdem
1164 3328 1393 3412 possessiones
1413 3327 1482 3416 ipsis

362 3436 529 3502 sororibus
544 3434 613 3502 iure
629 3442 786 3522 perpetuo
803 3441 835 3502 et
851 3435 1108 3503 irreuoeubiliter
1118 3436 1334 3523 permisimus,
1352 3436 1482 3506 senreii·

362 3541 490 3627 quimus
507 3542 637 3611 racione
653 3543 732 3610 iuris
748 3541 933 3611 eurumdem
950 3542 1174 3628 possidendas,
1191 3543 1362 3611 sileneinm
1379 3561 1484 3630 perpe·
1550 3600 1551 3603 ,

360 3657 450 3717 tuum
467 3659 643 3721 memorato
662 3650 777 3720 Comiti
795 3650 846 3718 Ok
863 3671 961 3736 super
978 3650 1065 3719 iacto
1076 3651 1235 3719 dictorum
1247 3653 1481 3737 possessionum
1549 3655 1550 3658 ’

361 3757 499 3827 ulterius
514 3757 718 3848 imponendo,
752 3759 930 3846 predictam
947 3768 1067 3829 terrem
1083 3759 1215 3828 domine
1231 3762 1418 3847 Elysebcth,
1456 3765 1484 3827 et
1549 3851 1550 3854 Ἴ

359 3867 426 3935 ulie
441 3887 569 3937 sorores
584 3882 717 3956 propter
732 3869 852 3937 benum
869 3868 970 3954 punis,
1002 3886 1043 3933 nc
1059 3867 1196 3936 ulterius
1213 3871 1352 3938 muteris
1377 3869 1478 3954 suque
1549 3859 1550 3862 ’

359 3975 538 4060 questionis
554 3979 687 4045 racione
703 3979 943 4064 possessionum
959 3975 1178 4062 predictarum
1203 3979 1315 4048 ualeat
1340 3981 1392 4047 uei
1420 3995 1482 4064 pos

359 4084 402 4152 sit
418 4103 572 4171 processu
589 4087 745 4173 temporis
763 4087 922 4173 generari,
939 4083 1106 4172 quandum
1123 4095 1254 4167 terram,
1287 4107 1347 4156 eeu
1363 4104 1482 4172 posses·
1549 4079 1550 4082 ’

358 4191 482 4262 sionem
506 4191 651 4282 predicte
674 4195 820 4264 Ecclesie
849 4195 950 4262 Beate
981 4194 1125 4280 Virginis
1172 4195 1294 4283 Seymil
1329 4200 1473 4278 uocatum,

363 4301 486 4389 absque
524 4301 705 4391 preiudieio
743 4302 887 4370 Ecclesie
926 4301 1298 4392 Quinqueeeclesiensis,
1330 4323 1423 4389 quum
1452 4302 1480 4366 iu

362 4410 480 4479 ecdem
497 4413 640 4480 asseruit
664 4411 795 4498 hebere,
813 4433 876 4497 que
892 4411 1024 4496 quidem
1040 4411 1204 4498 possessio
1220 4410 1347 4498 Seymil
1366 4414 1479 4492 noenu,

362 4527 541 4589 memorate
558 4520 702 4590 Ecclesie
718 4520 820 4589 Beate
835 4519 981 4606 Virginis
998 4541 1057 4609 per
1072 4522 1228 4592 Comitem
1245 4523 1384 4592 Nemsm
1393 4521 1483 4590 filium

356 4627 474 4716 Pouss,
496 4631 750 4715 generacionem
766 4629 870 4718 ipsius
885 4627 1019 4698 Comitis
1035 4628 1088 4698 ok
1105 4633 1301 4702 asserebant
1317 4649 1387 4700 esse
1399 4625 1482 4697 colis·
1550 4694 1551 4697 ,
