3096 5202
856 423 1015 524 ..Q

367 615 497 687 domino
521 618 614 707 Doni,
631 623 663 683 et
678 639 734 704 per
751 621 873 686 tantuin
890 625 1024 704 tempus,
1043 621 1199 700 quantum
1216 615 1380 683 videbitur
1395 613 1489 681 dorni·

367 745 409 794 no
426 725 508 793 Duei
525 731 558 793 et
575 726 744 794 Communi
760 725 984 810 veneciarum,
1000 722 1297 811 promittentessub
1314 741 1401 807 peno
1411 719 1490 788 mitte

369 831 574 900 merebarum
606 833 735 920 argenti
760 831 865 902 eidem
881 831 1016 900 domino.
1030 833 1114 900 Duei
1132 830 1304 919 recipienti
1320 828 1449 896 nomine
1462 840 1490 895 et

368 939 440 1008 viee
456 959 514 1008 suo
530 947 563 1008 et
578 941 765 1010 Communis
783 939 1008 1028 Veueeiarum,
1027 939 1115 1024 quod
1132 961 1189 1026 per
1219 936 1388 1026 predictas
1419 936 1491 1003 Uni·

367 1049 539 1116 versitates
570 1056 603 1116 et
619 1048 764 1118 homines
790 1056 822 1117 et
838 1069 993 1136 personas
1008 1049 1152 1134 ipsorum
1172 1047 1351 1116 insularum
1380 1047 1490 1114 fuerint

367 1156 540 1224 observate
555 1157 664 1224 omnin
680 1164 713 1223 et
728 1155 861 1240 singule
876 1155 1100 1243 supraseripta
1118 1177 1126 1239 ;
1160 1175 1224 1238 qua
1240 1173 1327 1238 peno
1343 1153 1450 1220 soluto
1463 1154 1487 1220 si

367 1263 622 1332 eontrnineerent
637 1265 689 1332 vet
699 1263 889 1350 nonsolnto‚
906 1263 1051 1351 prediotn
1067 1263 1177 1330 omnio
1193 1266 1226 1330 et
1242 1260 1373 1345 singula
1388 1261 1420 1328 in
1436 1281 1487 1330 sun

368 1377 581 1456 permaneant
596 1372 757 1439 firmitate.

475 1477 592 1544 Forma
623 1479 754 1562 quidem
786 1477 973 1564 syndiearie
990 1477 1067 1544 tntis
1084 1484 1135 1543 est
1151 1501 1159 1542 ι
1176 1474 1348 1562 Mogniboo
1365 1474 1487 1544 domino

368 1591 401 1652 et
416 1586 537 1672 potenti
554 1585 679 1653 Jaeobo
696 1585 889 1670 Conterem,
905 1584 969 1652 Dei
988 1586 1096 1668 gretie
1113 1582 1337 1670 Veneeiurum,
1361 1583 1486 1650 Delma·

366 1691 416 1759 eie
446 1698 542 1778 etque
559 1691 692 1759 Oroeeie
722 1690 804 1758 Duei
820 1698 853 1757 et
869 1693 1008 1758 Domino
1032 1689 1153 1769 Quarto
1184 1690 1292 1759 Portis
1308 1698 1342 1759 et
1353 1689 1487 1759 Dimidio

368 1799 472 1868 tocius
488 1799 619 1885 Imperii
635 1799 803 1885 Romanis,
820 1819 881 1866 nee
896 1819 962 1866 non
978 1799 1121 1867 Consilio
1138 1798 1295 1867 eiusdem.
1328 1798 1485 1867 Universi-
1501 1835 1507 1844 ι

370 1914 425 1978 tus
441 1905 596 1975 nobilium
626 1914 657 1973 et
673 1907 879 1992 popularium
895 1905 935 1972 de
951 1905 1037 1972 Fara
1057 1906 1310 1993 qnetiquumqne
1325 1908 1485 1976 subieetio

367 2035 409 2082 ue
425 2014 577 2082 humilius
599 2033 672 2080 esse
691 2016 806 2098 possit.
839 2015 918 2080 Cum
949 2021 1081 2100 propter
1112 2015 1230 2082 bonnm
1261 2021 1365 2082 status
1395 2011 1484 2083 nostri

366 2121 539 2207 spiritustis
569 2125 600 2186 et
617 2125 805 2208 temporalis
836 2123 955 2188 iustum
987 2128 1019 2188 et
1036 2142 1093 2210 per
1109 2121 1262 2188 mundum
1279 2121 1481 2209 approbatum

367 2227 513 2312 regimen
534 2229 631 2297 uestri
661 2228 816 2314 Dominii,
843 2229 908 2294 iem
941 2227 1060 2296 dudum
1091 2227 1380 2318 desiderassemus,
1409 2250 1481 2297 nune

316 2374 324 2389 ι
365 2342 473 2402 nutem
504 2337 623 2402 nostris
650 2335 821 2402 desideriis
836 2342 1001 2402 annuente
1015 2335 1156 2402 Domino
1173 2335 1268 2402 finem
1285 2342 1428 2422 optatum
1441 2336 1481 2402 in·

366 2461 439 2510 oere
457 2442 634 2528 cupientes,
653 2431 766 2509 omnes
781 2441 977 2509 unanimiter
992 2448 1025 2508 et
1041 2441 1244 2510 coneorditer
1275 2443 1430 2511 mittimus
1443 2443 1478 2510 ni

365 2551 479 2616 Vestre
509 2548 702 2617 Altitudinis
732 2549 928 2636 sapientiam
964 2549 1184 2618 venerabilem
1209 2557 1335 2636 petrem
1367 2553 1399 2619 S.
1428 2551 1480 2618 Dei

365 2657 473 2742 gretia
503 2657 699 2750 Episcopum
730 2659 915 2742 Forensem,
941 2657 1106 2726 dominum
1139 2665 1171 2725 et
1186 2665 1315 2745 patrem
1339 2663 1478 2745 nostrum,

366 2765 481 2832 (tentes
497 2765 603 2832 eidem
621 2765 837 2835 omnimodam
858 2767 1097 2855 anctoritatem,
1115 2774 1258 2836 nostrum
1278 2767 1478 2836 universatem

367 2874 565 2941 voluntatem
582 2893 641 2941 sno
657 2874 750 2940 nutui
766 2882 959 2961 exponento,
977 2881 1011 2942 ut
1030 2875 1185 2960 quiequid
1211 2873 1296 2942 idem
1328 2873 1478 2944 venerati·

364 2981 408 3047 lis
426 2987 601 3065 putereum
619 2981 731 3049 Vestro
748 2980 984 3066 Magnitudinis
1001 2982 1166 3068 sapientia
1187 2983 1377 3053 baetuverit
1391 2988 1421 3052 et
1433 2981 1477 3048 de

365 3087 596 3174 terminaverit,
612 3111 672 3156 nos
704 3089 764 3156 snb
797 3089 995 3172 obligatione
1026 3109 1241 3177 personarum
1273 3098 1307 3159 et
1337 3094 1476 3160 bonorum

365 3202 546 3264 nostrorum
579 3204 697 3278 ratum,
730 3200 854 3265 firmum
871 3216 910 3264 oe
937 3204 1128 3283 perpetuum
1148 3199 1297 3267 volumus
1313 3198 1477 3268 obseruare

362 3305 401 3371 ln
417 3303 509 3371 euius
520 3303 565 3370 rei
582 3305 797 3372 testimonium
813 3312 980 3389 presentes
997 3325 1068 3372 eum
1085 3306 1248 3374 autentieo
1264 3306 1374 3392 sigillo
1399 3307 1478 3374 eon·

366 3410 531 3478 munitatis
549 3415 658 3478 nostre
673 3410 809 3480 feoimus
826 3411 980 3478 roborari.
1011 3411 1132 3480 Datum
1149 3412 1181 3479 in
1209 3413 1277 3481 Fer
1307 3415 1341 3482 in
1365 3411 1477 3501 petreio

363 3517 550 3605 Episcopeti
567 3539 654 3586 anno
671 3519 801 3588 Domini
833 3519 1005 3589 millesimo
1037 3519 1271 3612 CCLXXVIH,
1304 3524 1411 3609 quinto
1437 3521 1477 3588 in·

368 3631 476 3694 trente
492 3626 670 3696 Februarii.

445 3887 450 3898 ⁵
484 3826 617 3894 (Ljnbies,
637 3827 761 3879 Menum.
781 3843 822 3892 sp.
843 3827 909 3878 hist.
929 3827 1003 3880 Sluv.
1022 3827 1121 3880 Metiri.
1141 3828 1163 3881 1.
1184 3827 1242 3880 lsiit.
1261 3831 1321 3880 115.
1339 3829 1368 3893 l.)

793 4115 1061 4126 ...ι-Ἣ
