3162 5200
930 701 1006 770 lut.

326 871 327 874 Ἴ
398 859 489 969 quo
505 925 613 983 comeo
645 897 877 984 Irocldfidcalc
893 901 1077 990 udomdnyc
1103 901 1198 969 ssent
1226 902 1333 969 Jatao
1364 928 1386 968 a
1417 903 1507 972 casse

610 1013 748 1098 serpedo
764 1011 834 1078 teet
849 1017 1010 1104 apdtsdpa
1026 1017 1185 1080 ιιάιιιάια.
1211 1013 1312 1082 1277,

502 1207 571 1276 llos
585 1207 701 1277 Comes
715 1209 811 1292 Juan,
842 1209 928 1278 lilius
942 1210 1069 1299 lrorlay
1085 1211 1241 1280 memorie
1257 1198 1506 1278 commendantes

395 1325 508 1384 netum
524 1314 663 1384 iacimus
689 1316 807 1400 quibus
833 1317 965 1402 expedit
995 1317 1166 1404 universis,
1198 1315 1284 1403 quod
1314 1336 1375 1384 nos
1405 1316 1509 1384 intuitu

396 1423 516 1490 Divino
531 1423 665 1509 pietatis
682 1422 772 1493 ducti
786 1425 831 1492 ad
846 1425 1068 1513 devotionem,
1090 1445 1149 1513 pro
1165 1424 1356 1494 remissione
1371 1429 1504 1510 peccatu·

395 1553 465 1600 rum
480 1536 669 1616 nostorum,
702 1532 904 1620 propiciante
919 1536 989 1600 Deo
1006 1535 1091 1604 bane
1106 1532 1349 1602 ordinacionem
1365 1553 1422 1601 seu
1451 1531 1506 1598 col·

396 1643 555 1710 lecionem
581 1640 731 1709 duximus
762 1640 973 1710 laciendum:
1001 1643 1088 1728 qnod
1119 1643 1295 1728 llonacbys
1327 1641 1369 1710 de
1399 1637 1507 1707 Ordine

394 1749 529 1818 fratrum
549 1747 824 1832 cisterciensium,
851 1749 893 1816 de
909 1749 1058 1820 Abbacia
1072 1750 1186 1819 Sancti
1201 1751 1325 1834 Jacobi,
1357 1750 1399 1818 de
1415 1748 1508 1815 insula

396 1857 507 1942 Zawa,
525 1855 617 1923 iuxta
634 1855 830 1943 Zagrabiem
847 1857 1073 1945 existentibus,
1089 1858 1249 1944 dedimus,
1279 1856 1467 1926 contulimus
1480 1859 1505 1922 et

396 1963 588 2033 tradidimus
604 1964 787 2032 Ecclesiam
804 1971 947 2034 nostram
965 1968 998 2033 in
1015 1967 1134 2034 bonore
1150 1967 1269 2034 Sancte
1283 1964 1386 2033 Elone
1412 1983 1506 2033 couse-
1544 2021 1551 2031 .

393 2078 517 2141 cratem
534 2071 576 2139 de
591 2072 762 2154 Zamobor‚
795 2077 827 2139 et
843 2080 961 2141 terram
979 2073 1067 2140 cirea
1083 2073 1219 2140 eandem
1251 2071 1444 2140 existentem
1471 2068 1506 2136 ed

393 2199 486 2248 usum
524 2177 660 2248 duorum
692 2185 870 2248 aratrorum
902 2180 1128 2268 sufficientem,
1169 2200 1266 2248 unum
1299 2179 1504 2247 molendinum

393 2288 490 2356 situm
506 2288 539 2354 in
556 2285 653 2356 fluuio
671 2285 840 2374 Zamobor,
857 2306 955 2355 unum
972 2286 1105 2356 fundum
1122 2293 1208 2358 curie
1224 2288 1257 2354 iu
1269 2286 1505 2355 villuZamober

394 2417 451 2482 pro
468 2395 625 2483 sessione,
650 2402 683 2462 et
698 2403 764 2462 tres
779 2396 893 2464 vineas
909 2398 943 2464 iu
975 2397 1049 2466 loeo
1080 2401 1257 2483 prenotato.
1298 2395 1451 2462 Preterea
1478 2393 1505 2458 in

395 2501 572 2570 Breaoicba
588 2503 747 2589 capellam
764 2509 956 2573 nostramet
981 2511 1101 2572 terram
1132 2503 1350 2573 sufficientem
1382 2503 1425 2572 ad
1452 2499 1506 2566 duo

395 2615 515 2696 aratra,
532 2609 567 2678 in
583 2609 647 2678 fine
663 2615 749 2679 terre
765 2618 876 2680 nostre
891 2611 932 2680 de
949 2612 1125 2680 Brenoioha
1140 2611 1344 2697 existentem,
1370 2629 1411 2678 ae
1425 2625 1507 2676 noan

394 2705 524 2788 vineam
544 2717 606 2808 (in)
624 2717 803 2789 Ohuuherie
818 2719 926 2804 sitam,
943 2721 1013 2789 iure
1030 2727 1185 2808 perpetuo
1200 2718 1335 2806 pacifice
1352 2722 1386 2786 et
1409 2717 1504 2802 quiete

393 2827 621 2913 possidendos.
645 2829 714 2897 Hoc
729 2827 864 2913 adiecto,
881 2830 969 2913 quod
985 2830 1018 2895 in
1050 2836 1217 2914 posterum
1248 2827 1349 2896 nestri
1383 2824 1506 2894 heredes
1563 2817 1564 2822 ’

394 2937 615 3021 heredumque
630 2955 842 3020 successores,
859 2943 891 3004 ot
906 2937 1057 3004 similiter
1071 2936 1206 3022 proximi
1216 2933 1325 3003 nostri
1350 2941 1383 3000 et
1414 2949 1507 3008 eorum

392 3063 595 3118 successures
612 3051 794 3132 presentem
811 3043 1023 3113 collacionem
1039 3051 1185 3112 noscam
1211 3061 1276 3110 non
1307 3040 1436 3127 possint
1461 3036 1508 3104 eli·

392 3157 533 3240 qualiter
549 3160 731 3223 retractare.
770 3152 909 3238 Insuper
924 3159 1035 3222 nostre
1051 3151 1230 3221 voluntatis
1262 3155 1295 3218 et
1326 3144 1508 3216 intencionis

392 3271 450 3352 est,
465 3267 492 3332 si
509 3269 636 3330 creator
651 3280 778 3328 omnem
794 3267 913 3328 statum
931 3261 1036 3346 Regni
1052 3260 1221 3344 Hungarie
1237 3259 1271 3325 in
1287 3256 1404 3324 melius
1419 3252 1508 3322 reior-

392 3372 540 3457 marerit,
558 3376 591 3438 et
607 3369 700 3438 nobis
716 3367 842 3436 dederit
857 3369 957 3436 vitam
973 3367 1162 3453 longiorem,
1196 3375 1231 3435 ut
1248 3366 1281 3432 in
1296 3365 1371 3432 loeo
1389 3359 1507 3450 capelle
1557 3452 1561 3461 ¹

390 3487 499 3547 nostre
515 3475 557 3544 de
573 3474 757 3564 Brennichu,
781 3476 1012 3544 Monasterium
1037 3475 1177 3562 propriis
1202 3471 1371 3541 laboribus
1402 3467 1509 3537 uostris

390 3585 568 3656 condamus
585 3592 616 3654 et
632 3584 784 3672 expensis
800 3583 881 3671 ipsis
897 3582 1065 3652 Monaehis
1081 3583 1221 3651 fideliter
1237 3580 1448 3668 precantibus
1459 3579 1508 3660 itu,
1554 3597 1557 3608 ¹

391 3696 477 3780 quod
492 3695 637 3782 perlecto
653 3713 753 3778 opere
770 3679 959 3760 blondsterii
976 3691 1057 3759 inibi
1072 3710 1145 3759 esse
1161 3690 1280 3760 debeat
1294 3708 1353 3774 per
1369 3707 1407 3756 se
1423 3689 1505 3753 loeus

389 3803 543 3888 Abbacie,
559 3801 718 3872 ordinatis
736 3801 822 3886 prius
838 3800 1074 3870 sufficientibus
1091 3799 1301 3885 proventibus
1327 3795 1370 3862 ad
1397 3793 1507 3862 uictum

388 3920 419 3980 et
435 3911 588 3980 uestitum
604 3909 842 3979 habitatoribus
858 3909 893 3978 iu
909 3909 1022 3978 eodem
1039 3929 1078 3976 ae
1094 3908 1169 3977 aliis
1179 3901 1375 3976 necessariis
1394 3901 1508 3969 uniuer·
1538 3997 1539 4002 ἵ
1560 3992 1565 4001 Ι

384 4021 438 4087 sis.
465 4021 510 4088 Ut
525 4020 625 4106 igitur
640 4021 737 4087 buius
754 4019 944 4088 collaciouis
960 4025 993 4086 et
1009 4017 1201 4087 donacionis
1227 4014 1323 4083 robur
1354 4014 1506 4098 perpetue

385 4128 543 4196 firmitatis
562 4128 709 4197 obtineat
724 4134 891 4214 presentes
908 4125 1101 4195 contulimus
1117 4125 1219 4210 sigilli
1230 4121 1331 4191 nostri
1341 4115 1509 4186 munimine

386 4237 567 4304 roboratas.
605 4237 724 4303 Datum
740 4235 903 4320 Zagrabie
917 4235 1057 4303 sabbato
1073 4233 1219 4319 proximo
1235 4236 1313 4298 ante
1328 4225 1506 4313 quindenas

384 4345 489 4414 Pasce
505 4345 638 4413 Domini
654 4363 739 4412 anne
757 4343 899 4411 eiusdem
917 4341 1104 4412 MOOLXX.
1122 4343 1271 4430 septimo.
1549 4325 1551 4332 ⁴

504 4473 666 4540 (Tlralcsics,
683 4473 808 4526 Menum.
826 4473 891 4524 hist.
910 4473 1002 4538 Epioe.
1022 4473 1142 4540 Zagrab.
1161 4473 1184 4524 1.
1203 4473 1262 4524 ket.
1285 4469 1344 4520 187.
1363 4465 1394 4528 l.)
1489 4531 1493 4538 .
