3160 5200
362 553 439 600 num
456 534 581 600 Eanum
601 543 631 601 ct
647 533 782 604 heredes
797 556 875 605 suos
890 541 933 608 ab
950 542 1047 626 omni,
1083 543 1231 626 siquam
1266 553 1334 612 tarn
1366 549 1489 616 racione

364 639 581 726 predictarum
599 651 758 710 terrarum
775 641 989 732 venditarum,
1023 667 1119 734 quam
1151 651 1253 718 ceiam
1292 652 1489 721 redimenda-

363 767 442 832 rum,
459 753 515 848 aut
531 753 691 816 metarum
707 750 882 820 earundem
900 772 961 840 per
975 755 1160 842 qnempiam
1175 757 1207 823 in
1239 757 1387 828 inturnm
1418 761 1491 826 oriri

363 853 566 936 contingeret
580 855 791 944 questionem,
807 859 839 926 in
858 861 996 946 propriis
1012 861 1081 930 suis
1098 863 1265 931 laboribus
1283 873 1317 932 et
1327 871 1489 952 expensis.

366 959 573 1027 intricaret
600 962 787 1031 memoriam
814 966 1020 1048 presentibus
1051 968 1095 1034 ad
1125 969 1318 1038 instanciam
1351 975 1490 1060 parcium

363 1066 505 1151 sigillum
524 1075 671 1136 nostrum
687 1067 839 1140 duximus
856 1073 1096 1160 apponendum.
1111 1077 1231 1143 Datum
1248 1078 1283 1145 in
1299 1077 1386 1147 festo
1401 1081 1489 1148 Beati

365 1173 472 1260 Egidij
491 1195 577 1242 anno
595 1177 724 1243 Domini
742 1176 862 1244 ΜΟῦ
880 1183 1090 1265 nonagesimo
1109 1191 1233 1266 quarto.

366 1370 401 1421 (A
417 1372 537 1436 aigrabi
557 1373 753 1438 ktptolaonak
788 1379 864 1428 1393.
897 1378 985 1429 ›ion-ia
1016 1381 1105 1431 torcia
1136 1381 1265 1444 proxima
1297 1384 1364 1432 ante
1395 1383 1489 1432 iatum

365 1461 545 1514 ascensionis
564 1464 696 1516 Domini«
718 1466 779 1517 »vir
798 1468 903 1518 nobilis
922 1473 952 1520 et
970 1469 1050 1520 miles
1078 1473 1208 1522 strenuus
1226 1471 1367 1537 Magister
1394 1470 1489 1522 Paulus

365 1550 438 1600 iilius
459 1551 572 1618 Georgij
593 1553 627 1605 de
647 1555 753 1608 Zersnr
774 1555 902 1608 keresere
920 1557 1030 1610 kiadott
1049 1557 1220 1623 ttiratab613
1253 1560 1374 1612 abudai
1391 1560 1490 1623 kirssyi

554 1643 681 1696 kamarai
699 1645 877 1698 lertlttrnak
894 1647 1063 1714 Zegrtbban
1082 1648 1146 1700 levo
1164 1647 1316 1712 resntben.)

797 1967 1066 1979 ——n———n—

896 2496 970 2564 455.

370 2691 603 2760 Akerneateeei·
627 2697 813 2779 eaeterpumi
844 2695 1073 2780 kooceotp'eaeic
1105 2695 1381 2782 bizonyedpleocle,
1410 2696 1483 2778 bopp
1564 2665 1565 2670 ἵ

369 2800 498 2865 Μαῑτωί
515 2797 664 2884 Adorjcia
690 2823 788 2867 comes
820 2804 851 2868 a
882 2802 1025 2866 testorirec'
1057 2801 1168 2866 Molas
1196 2809 1277 2866 acob
1308 2798 1481 2866 anemae
1563 2845 1565 2902 f

593 2907 725 2972 eiudtuic
741 2907 904 2991 Beadaek,
921 2907 1007 2972 Beue
1019 2908 1147 2990 fidant.
1172 2911 1270 2974 1294.
1564 2915 1565 2941 ³

477 3103 661 3170 Conuentus
700 3102 935 3170 cruciferorum
975 3103 1099 3169 Domus
1138 3101 1319 3186 Hospitalis
1350 3099 1480 3166 &alesia

370 3210 482 3298 Sancti
497 3210 597 3294 Regis
614 3208 771 3296 Stephani
788 3211 831 3276 de
846 3209 1011 3294 Strigonio
1028 3209 1190 3276 uniuersis
1215 3216 1384 3293 presentes
1406 3207 1479 3274 litte·

369 3337 421 3382 ras
437 3315 630 3401 inspectoris
648 3316 786 3383 salutern
802 3315 835 3381 in
853 3316 991 3382 Domino
1016 3317 1257 3401 sempiternam.
1296 3313 1347 3380 nd
1371 3313 1480 3379 uniner·
1562 3329 1564 3348 ·

369 3443 476 3488 sorum
493 3423 648 3490 noticiam
664 3431 730 3490 tam
747 3423 952 3508 presencium
969 3443 1064 3508 quam
1081 3421 1259 3489 futurorum
1276 3421 1390 3488 barum
1410 3421 1481 3487 serio

369 3529 519 3597 nolumus
536 3530 718 3616 peruenire,
743 3529 832 3612 qnod
847 3531 962 3596 Comes
979 3527 1143 3595 Adrianus
1168 3528 1255 3595 iilius
1286 3525 1421 3596 Simonis
1448 3525 1480 3588 rie

370 3639 473 3706 Malus
491 3638 622 3706 nomine
639 3657 697 3704 suo
714 3645 746 3703 et
762 3639 833 3704 rice
850 3658 889 3704 ac
905 3637 1034 3704 nomino
1050 3635 1138 3702 Petri
1155 3643 1186 3702 et
1199 3634 1480 3702 Ladialaifiliorun

369 3765 509 3827 suornm,
533 3765 571 3811 ac
588 3765 646 3829 pro
661 3742 792 3810 Simone
809 3745 910 3810 iratre
927 3763 995 3827 suo,
1010 3765 1076 3810 una
1091 3763 1163 3809 cnm
1178 3739 1281 3810 Panic
1298 3743 1365 3810 iiiio
1382 3739 1480 3808 Pota

369 3852 409 3917 de
426 3849 546 3932 Oheke,
564 3857 597 3918 et
613 3848 745 3917 Andrea
767 3849 835 3916 filio
850 3849 1013 3936 Agnetini,
1047 3869 1085 3914 ao
1108 3848 1245 3915 Nicolao
1261 3848 1328 3915 iilic
1354 3849 1481 3916 launn-

369 3959 428 4043 cij,·
440 3965 472 4023 et
488 3956 683 4024 Sebastiano
700 3956 740 4026 de
756 3957 872 4041 Malus,
888 3958 943 4043 qui
961 3977 1018 4046 pro
1034 3977 1071 4024 se
1087 3962 1119 4024 ct
1134 3976 1193 4041 pro
1210 3956 1312 4023 Panlo
1327 3953 1478 4024 banosus

372 4064 572 4151 comparuit;
598 4071 629 4130 et
645 4062 700 4148 qui
716 4065 936 4150 prenominati
952 4085 1013 4151 per
1028 4086 1086 4132 nos
1101 4061 1248 4148 requisiti
1274 4063 1432 4148 dixerunt,
1453 4081 1482 4126 re

371 4191 442 4239 esse
457 4177 626 4257 cognatos,
643 4181 882 4239 commetaneos
898 4179 929 4239 et
946 4172 1068 4237 vicinos
1095 4169 1239 4238 eiusdem
1268 4167 1399 4239 Ocmitis
1427 4169 1480 4235 Ad·

369 4278 463 4364 riani,
490 4279 532 4376 ad
550 4286 696 4346 nostram
712 4279 928 4366 personaliter
943 4279 1130 4346 accedendo
1146 4277 1355 4363 presenciam,
1388 4295 1479 4344 curan

370 4391 462 4472 ipsis,
495 4397 527 4454 et
544 4387 749 4472 presentibus
775 4389 933 4476 cognatis,
967 4388 1196 4456 commotaneis
1227 4393 1259 4452 et
1289 4384 1402 4454 vicinis
1425 4382 1480 4450 sois

371 4494 567 4582 uolentibus,
584 4495 844 4581 permittentibus
863 4502 894 4561 et
920 4517 1113 4564 consensum
1145 4491 1364 4583 prebentibus,
1394 4511 1479 4579 qnan-

371 4601 446 4668 dam
480 4605 715 4686 possessionem
730 4624 791 4673 seu
808 4596 926 4676 'terram
950 4623 1043 4673 snam
1061 4603 1164 4669 Maius
1178 4609 1328 4672 vocatam
1346 4597 1479 4688 emptitio
