3160 5200
854 323 917 381 fuls

308 513 551 580 ernhneneiom
569 515 746 580 litterarum
763 513 865 598 ipsios
891 515 1027 583 comitis
1058 516 1189 582 llartinl
1219 517 1438 583 nemoralium

316 639 415 705 super
429 619 517 687 laeto
534 629 617 714 terre
632 620 757 706 Vaynlo
773 629 887 688 rorate
902 624 937 690 in
954 623 1117 690 Comitetu
1134 623 1174 689 de
1198 625 1353 708 baranum
1378 625 1438 690 exi·

314 729 429 795 stantis
462 725 546 795 intbr
576 727 724 794 dominas
755 749 883 796 sorores
915 729 1062 798 Euolesie
1093 729 1194 796 Beato
1224 729 1371 816 Virginis
1401 731 1439 798 de

314 835 433 913 lusula,
452 851 509 918 pro
527 834 643 918 quihus
659 833 780 901 Paulus
797 843 830 902 et
845 835 1002 904 Nieolaus
1019 835 1161 902 Comites
1178 834 1334 903 olfieiales
1365 855 1433 902 oum

314 940 547 1008 sufficientibus
561 943 677 1009 litteris
694 943 925 1027 proouratorijs
942 943 1117 1011 earundem
1132 941 1314 1010 astitissent
1323 944 1364 1009 ab
1375 963 1436 1008 una

315 1045 464 1150 parlejet
480 1047 565 1116 inter
581 1049 735 1115 Comitem
752 1047 912 1118 Jaeobum
928 1049 1031 1116 lilium
1046 1049 1197 1116 Ambrosi
1222 1045 1265 1114 de
1296 1051 1435 1134 Nempty

316 1152 485 1241 exJaltere,
501 1175 608 1222 eoram
625 1157 697 1240 ipso
715 1152 840 1222 Comite
855 1155 994 1223 Martino
1011 1156 1270 1238 oontenderetur,
1297 1161 1328 1220 et
1344 1155 1440 1238 parti-

317 1264 374 1327 bus
390 1261 432 1328 ad
449 1261 664 1328 exhibentium
680 1263 897 1328 instrumente
911 1281 973 1329 sua
987 1279 1046 1329 seu
1061 1261 1239 1347 priuilegia
1251 1257 1440 1343 qoeoun'que

315 1370 474 1434 haberent
490 1387 587 1454 super
604 1368 718 1436 eadem
734 1376 822 1436 terra
837 1376 991 1436 emanata
1006 1375 1140 1436 ooteuas
1152 1368 1227 1436 festi
1238 1366 1335 1431 Beati
1344 1365 1440 1432 Geor-

315 1475 359 1558 gij
379 1476 520 1542 martiris
536 1475 620 1542 idom
637 1477 752 1544 Comes
767 1477 926 1545 Martinus
957 1479 1177 1561 assignasset,
1203 1473 1285 1560 ipsis
1317 1473 1437 1538 ootauie

314 1581 565 1649 aduenientibus
581 1583 694 1651 Germ
709 1583 853 1652 lacobus
878 1582 1041 1668 prediatus
1073 1601 1183 1649 eoram
1214 1583 1287 1664 ipso
1320 1579 1440 1646 Gemite

314 1689 451 1754 Mertiuo
486 1689 703 1774 personaliter
734 1691 952 1777 competendo
983 1696 1098 1757 eontra
1129 1687 1261 1755 eosdem
1294 1687 1436 1752 dominas

318 1815 442 1896 sorores
459 1795 560 1862 Beate
575 1797 728 1882 Virginis,
745 1818 804 1884 pro
820 1797 937 1882 quibus
953 1798 1038 1864 idem
1069 1797 1191 1863 Paulus
1222 1801 1255 1859 et
1286 1794 1436 1860 Nieolaus

319 1901 509 1987 astitissent,
550 1900 748 1970 exhibuisset
788 1903 892 1970 eidem
917 1903 1034 1971 Comiti
1065 1901 1203 1968 Martino
1233 1899 1437 1984 priuilegium

315 2009 443 2074 rlndree
458 2009 559 2091 Regis
576 2008 697 2076 domiui
707 2012 766 2093 sui,
784 2011 956 2094 priuilegia
968 2009 1168 2074 dominorum
1179 2006 1266 2090 Bele,
1281 2006 1435 2090 Stephani

315 2123 346 2179 ut
362 2112 508 2181 Ladizlai
526 2113 649 2198 Regum
666 2115 698 2180 in
717 2137 753 2182 re
769 2115 942 2182 verbaliter
959 2114 1130 2181 oontirmus
1147 2121 1177 2179 et
1202 2113 1355 2195 firmans3
1379 2131 1437 2193 quo

315 2219 444 2300 <uiridem
464 2219 635 2304 priuilegio
652 2219 754 2303 ipsios
772 2219 892 2287 domini
910 2220 1038 2285 Andree
1048 2219 1146 2300 Regis
1155 2219 1226 2285 uiso
1238 2223 1271 2282 et
1280 2217 1436 2304 perleelo;

314 2344 344 2392 or
363 2329 584 2393 instrumentis
602 2327 760 2393 dictarum
780 2328 1001 2411 religiosorum
1019 2327 1221 2392 dominarum
1237 2325 1434 2410 pereosdem

316 2421 452 2499 l‘aulum
469 2438 501 2498 et
517 2432 685 2498 Nicolaum
704 2433 843 2498 Comites
859 2433 1016 2498 officiales
1034 2431 1209 2498 earundem
1233 2449 1343 2497 eoram
1370 2429 1435 2512 ipso

315 2538 451 2604 llartino
470 2539 631 2620 exhibitis,
664 2540 782 2622 quibus
809 2539 931 2605 dietum
948 2538 1151 2624 priuilegium
1167 2537 1380 2623 preooluisset
1403 2536 1433 2598 in
1562 2544 1563 2551 ’

315 2647 375 2712 hou
390 2645 487 2728 sueto,
520 2643 726 2710 considerata
742 2643 976 2711 consuetudine
1005 2643 1110 2727 Regni
1141 2643 1327 2727 approbata
1356 2639 1436 2706 idem

315 2756 430 2819 Comes
448 2751 606 2818 Martinus
622 2770 758 2818 unacum
777 2749 940 2819 nobilibus
956 2750 989 2816 in
1002 2749 1127 2834 juditio
1143 2769 1253 2816 seeum
1269 2745 1435 2812 assidenti-

318 2864 386 2946 bus,
404 2879 442 2926 eo
459 2859 545 2942 quod
562 2857 742 2943 prediotum
759 2857 968 2944 priuilegium
984 2857 1162 2942 peripsum
1180 2851 1433 2921 Gemitemlaeo-

316 2971 391 3036 bum
410 2967 470 3032 sibi
490 2965 666 3032 exhibitum
683 2983 870 3048 congruum,
887 2963 1049 3048 idoneum,
1077 2959 1192 3027 effieax
1207 2981 1267 3044 per
1282 2958 1390 3025 omnis
1405 2963 1432 3020 et

314 3075 480 3156 solempne
497 3073 599 3138 uismn
615 3071 739 3155 luisset,
769 3071 948 3155 predictam
973 3077 1092 3135 terrem
1124 3067 1247 3154 Vayzlo
1280 3073 1433 3146 vocatam,

314 3184 406 3248 iuxta
423 3183 557 3247 l'ornmm
576 3179 719 3246 eltrudem
736 3177 896 3263 priuilegij
915 3177 979 3263 ipsi
997 3175 1114 3242 Oomiti
1139 3174 1262 3242 leoobo
1291 3169 1432 3254 reliquis·
1560 3205 1566 3232 ,ι

314 3297 363 3354 sut
380 3289 515 3371 pumice
530 3294 687 3373 perpetuo
711 3282 952 3371 possidendam,
984 3284 1070 3368 parti
1095 3281 1233 3348 aduersa
1265 3277 1427 3344 silentium
1564 3255 1566 3310 Ἰ

315 3405 503 3483 perpetuum
519 3412 618 3478 super
631 3394 705 3478 ipsa
721 3398 840 3459 terrem
857 3388 1052 3475 imponendo
1068 3389 1129 3455 slh.

422 3504 455 3591 2²)
479 3507 534 3568 ,iz
558 3502 736 3584 ulperes
760 3498 990 3566 resuertll:
1024 3497 1073 3562 Ex
1104 3493 1189 3562 serie
1221 3492 1343 3576 quippe
1374 3489 1432 3553 iam

312 3617 399 3680 diole
416 3613 525 3696 quinte
542 3610 649 3674 littere
666 3606 819 3674 videlieet
836 3607 899 3673 iam
917 3605 995 3670 dieti
1013 3600 1147 3669 Comitis
1163 3597 1293 3666 Martini
1310 3593 1433 3680 priuile-

312 3721 446 3805 glulium
462 3716 553 3782 Bode
570 3713 707 3800 septimo
725 3713 778 3779 die
794 3721 982 3780 oeteuarum
999 3709 1074 3776 festi
1091 3704 1286 3772 Natiuitatis
1295 3700 1433 3784 Virginis

316 3826 463 3894 Glorioso
479 3824 512 3889 in
530 3821 653 3908 prolixo
669 3838 754 3886 anuo
770 3818 812 3883 ab
829 3815 1059 3884 Iuoarnaoione
1071 3810 1203 3880 Domini
1214 3807 1331 3876 M⁰GG⁰
1341 3827 1434 3873 nona·

313 3935 438 4020 gesimo
454 3929 566 4014 quinto
593 3927 738 3994 oonloete
769 3923 983 3991 edooehamur
1014 3920 1077 4022 islo
1110 3917 1204 3984 modo
1221 3942 1229 3982 ι
1246 3915 1334 4000 quod
1366 3935 1431 3981 euru

313 4041 442 4108 domine
457 4055 583 4106 sorores
601 4033 641 4099 do
658 4032 769 4098 lnsula
785 4031 885 4097 Beate
913 4026 1059 4112 Virginis
1090 4023 1249 4094 Bullensis
1282 4023 1431 4089 Comitem

313 4148 470 4216 Jorohum
486 4144 588 4210 lilium
605 4139 754 4223 Ambrosj
773 4138 812 4204 de
829 4138 973 4222 Nempty
1003 4152 1100 4218 super
1116 4132 1201 4198 laeto
1218 4125 1432 4214 possessionis

317 4251 438 4338 l'uyzlu
454 4257 567 4316 vorate
582 4249 615 4314 iu
635 4247 794 4314 Comilotu
810 4247 850 4312 de
866 4244 1022 4329 Boranya
1039 4237 1206 4308 existentis
1234 4255 1341 4303 uorem
1367 4250 1432 4316 pre·

308 4365 374 4429 into
392 4358 519 4426 Gemite
534 4355 674 4424 bisurtino
691 4353 845 4419 traxisset
862 4349 895 4416 iri
914 4369 1058 4436 eausam,
1077 4345 1197 4431 etipsa
1214 4341 1431 4424 eousainplt·

310 4469 421 4534 suuoia
452 4463 596 4533 eiusdem
629 4447 925 4530 Comitis'Murtini
957 4456 1086 4524 diucius
1118 4451 1235 4522 luisset
1266 4447 1430 4522 sentilam,

308 4579 446 4644 Nicolao
463 4581 494 4639 ot
511 4572 613 4638 Purrlu
631 4567 809 4635 Comitibus
836 4563 1032 4632 officialibus
1060 4562 1202 4650 ipsarum
1233 4554 1431 4624 dominarum
