3142 5198
625 996 702 1064 llo.

93 1197 165 1261 ΙῙῙ.
183 1193 297 1263 Endre
311 1194 488 1283 kirdlyauk
503 1194 729 1265 Szarooslreod
744 1199 842 1261 υάνάι
858 1196 1019 1282 eorpyazo
1034 1195 1220 1283 admnoopa

333 1279 438 1371 (leciri
452 1307 582 1392 Byelroo
598 1315 709 1372 mester·
723 1309 885 1371 ezdm‘r'w.
913 1303 1008 1368 1291.

203 1499 353 1570 Andreas
384 1501 447 1570 Dei
487 1503 605 1588 graeia
644 1500 811 1584 Hungarie
851 1500 1032 1587 Dalmaeie,
1074 1500 1220 1587 Oroaoie,

92 1611 208 1694 Reme,
225 1608 350 1699 Seruis,
363 1609 511 1699 Gallioie,
521 1610 725 1698 Lodomerie,
735 1610 901 1694 Cumanis,
917 1607 1136 1696 Balgarieque
1151 1609 1222 1676 Rex

95 1716 247 1785 omnibus
278 1715 398 1785 Christi
427 1717 577 1785 fidelibus
603 1723 667 1785 tam
685 1716 889 1803 presentibus
905 1734 1003 1801 quam
1019 1713 1135 1783 laturis
1150 1735 1221 1800 pre·

91 1828 204 1890 sentes
219 1823 343 1893 litteras
362 1825 557 1912 inspecturis
573 1826 710 1892 salutem
724 1825 759 1890 in
787 1823 930 1892 omnium
955 1824 1129 1892 saluatore.
1167 1822 1219 1890 Ad

90 1929 317 2000 rniuersornm
333 1939 399 2000 tam
416 1930 619 2019 presencium
636 1951 733 2018 qaam
747 1931 925 2000 futurorum
942 1929 1219 2000 notleiamharum

89 2038 175 2106 serie
201 2041 349 2109 volumus
374 2041 553 2128 peruenire,
585 2040 671 2126 qnod
703 2060 762 2109 nos
779 2038 994 2108 consideratis
1009 2038 1218 2106 fidelitatibus

1 2187 2 2244 }
89 2154 123 2214 et
138 2147 349 2216 sernieiorum
366 2148 489 2217 meritis
505 2147 656 2233 Magistri
673 2147 807 2235 Byehov
822 2146 881 2232 filij
898 2146 1046 2216 Siluestri
1063 2145 1104 2214 de
1119 2146 1219 2215 Owar

88 2253 198 2323 fidelis
213 2257 327 2341 nostri,
358 2277 421 2342 que
436 2276 496 2343 per
509 2257 640 2342 singula
655 2275 714 2324 sno
730 2256 826 2323 modo
842 2257 973 2342 longum
1004 2259 1092 2323 esset
1123 2273 1215 2322 enar·

1 2351 2 2439 ζ
86 2381 181 2447 rare,
206 2361 344 2447 quedam
362 2370 470 2432 tamen
486 2364 529 2432 ad
547 2363 764 2432 erudieionem
796 2362 933 2432 aliorum
964 2370 997 2431 et
1028 2361 1215 2430 memoriam

85 2469 268 2540 futurorum
285 2472 488 2558 presentibus
505 2472 657 2541 duximus
672 2472 872 2541 annotanda
887 2471 1031 2541 Primum
1042 2470 1214 2559 siquidem,

1 2569 3 2586 ⁸
85 2578 174 2663 quod
191 2599 264 2647 eum
281 2577 468 2649 Otbokarus
485 2582 552 2646 Rex
568 2579 760 2648 Boemornm
777 2579 917 2648 eontinia
934 2578 1037 2666 Regni
1048 2578 1215 2662 Hungarie

1 2777 2 2780 Ἴ
85 2694 292 2773 occupasset,
319 2687 403 2756 idem
420 2687 576 2773 Magister
592 2686 716 2756 Biehov
732 2707 791 2774 pro
807 2685 947 2755 tuieione
963 2685 1092 2772 eonbnij
1109 2687 1215 2772 Regni

86 2794 258 2878 Hungarie
275 2802 307 2861 et
322 2792 477 2862 fidelitate
493 2793 620 2864 Corone
635 2795 735 2882 Regia
751 2794 861 2864 debita
877 2794 1013 2862 uiriliter
1029 2792 1213 2864 dimieando

1 2989 2 2992 Ἴ
86 2922 158 2969 enm
186 2901 393 2972 Teothonieis
424 2905 459 2971 in
489 2905 662 2990 campestri
693 2905 795 2990 prelio
826 2900 989 2970 extitisset
1017 2901 1211 2988 eaptiuatus.

84 3011 241 3078 Preterea
256 3031 327 3078 oum
345 3011 496 3080 Albertns
512 3013 587 3079 Dux
603 3012 742 3100 suenio,
759 3017 946 3098 perseeutor
970 3009 1075 3095 Regni
1101 3013 1212 3095 nostri,
1256 3079 1259 3086 ,

82 3117 219 3185 admoto
234 3137 295 3188 suo
312 3119 452 3187 exereitn
469 3125 501 3186 et
526 3126 596 3188 tota
626 3121 779 3208 poteneia
811 3117 953 3205 undique
985 3115 1148 3202 aequisita
1177 3124 1210 3186 et

81 3226 243 3294 eonducta
259 3224 397 3313 adljsset
412 3223 553 3296 oonfinia
568 3226 673 3313 Regni
688 3227 797 3312 nostri,
813 3225 899 3294 idem
910 3224 1067 3311 Magister
1077 3225 1211 3311 Byohov

80 3355 116 3402 se
134 3341 168 3402 et
185 3353 248 3402 sua
263 3333 391 3402 fortune
408 3335 537 3403 easibus
552 3334 743 3404 submittere
758 3354 822 3403 non
839 3331 1026 3423 formidans,
1057 3353 1117 3419 pro
1133 3334 1210 3403 tide·

1 3468 2 3474 ¹
80 3441 173 3509 litate
189 3440 318 3508 Corone
333 3441 435 3524 Regia
452 3441 561 3509 debita
587 3440 796 3510 obseruanda
821 3449 935 3510 eontra
966 3448 1067 3509 totam
1099 3448 1208 3527 poten-

79 3550 166 3616 eiam
180 3547 261 3614 dieti
276 3546 376 3616 Dueis
393 3555 533 3617 easbum
550 3570 641 3618 snum
658 3549 758 3618 Owar
784 3556 934 3619 boeotum
965 3548 1081 3618 diebus
1111 3568 1209 3633 qnam

78 3659 228 3746 plurimis
243 3679 308 3725 non
325 3659 395 3727 sine
411 3679 469 3726 suo
487 3657 572 3747 (lgy)
588 3659 746 3730 effusione
762 3658 931 3747 sanguinis
949 3665 1121 3728 etsuornm
1132 3678 1207 3726 oon·

77 3767 244 3851 seruauit3
263 3772 294 3833 et
310 3765 387 3832 lieet
403 3765 542 3833 uiriliter
557 3767 747 3855 resistendo,
765 3768 877 3834 mortis
895 3773 1044 3834 euentum
1061 3786 1125 3834 non
1144 3765 1206 3833 lor·

1 3905 2 3910 ,
78 3871 219 3959 mirleus,
251 3871 398 3958 potencie
414 3871 550 3958 Predieti
567 3875 668 3942 Dneis
694 3895 730 3943 se
761 3873 977 3963 opposuisset,
1009 3881 1118 3942 tamen
1149 3895 1207 3961 per

76 3981 264 4049 diuturnam
280 3979 501 4048 obsessionem
532 3981 636 4069 ipsius
667 3983 770 4052 Dneis
801 3982 954 4050 resistere
984 4003 1047 4050 non
1078 3983 1203 4066 valens,
1315 4067 1318 4074 ,

76 4109 150 4156 enm
166 4108 232 4156 non
249 4087 417 4158 habuisset
431 4089 611 4159 subsidium
628 4091 779 4178 aliquale,
811 4096 941 4179 reeepto
959 4090 1071 4160 eodem
1097 4099 1204 4162 eastre

76 4197 237 4265 extitisset
251 4216 322 4266 enm
340 4197 449 4266 multis
465 4199 613 4285 eognatis
630 4201 698 4269 suis
714 4209 747 4272 et
762 4198 978 4269 seruientibus
994 4221 1051 4286 per
1067 4199 1203 4270 eundem

75 4306 200 4375 Dneom
217 4307 413 4396 eaptinatus,
431 4309 511 4376 etin
528 4309 672 4378 eiusdem
689 4310 883 4396 eaptiuitate
899 4308 1023 4377 tamdiu
1039 4305 1200 4394 detentus,

78 4415 180 4481 donec
198 4416 347 4483 omnibns
365 4415 432 4484 suis
458 4417 716 4504 possessionibus
749 4416 890 4486 venditis
922 4421 954 4483 et
985 4415 1203 4502 inpignoratis

76 4521 262 4611 redemptus
278 4525 441 4595 extitisset
451 4546 460 4609 ;
485 4526 518 4594 in
535 4527 646 4596 eodem
663 4528 766 4596 eoiam
783 4530 889 4596 eastre
916 4522 1106 4594 Dominieus
1138 4525 1201 4590 lra-

74 4639 122 4698 ter
138 4632 281 4700 sororius
295 4633 401 4718 ipsius
418 4633 569 4720 llagistri
586 4635 720 4723 Byebor
737 4637 854 4706 luisset
862 4633 1092 4721 inarenptua
1109 4637 1202 4722 prout
