3162 5200
831 893 906 962 154.

304 1093 355 1159 Au
371 1097 441 1180 syri
454 1093 683 1182 ka'ptaluuuuk
699 1091 1069 1181 biaoayudyleuelatropy
1081 1086 1216 1178 Ghepdn
1239 1089 1447 1176 Vupmepyes*

305 1203 501 1290 vdrjobbdpy
528 1197 647 1288 Ctepel
670 1206 750 1269 aevu
780 1201 919 1268 birtokdt
949 1197 1057 1266 dada
1088 1199 1217 1294 Pauelti
1247 1197 1452 1266 Jakaouak·

320 1341 321 1344 ¹
817 1308 916 1376 1276.

413 1612 570 1682 Omnibus
590 1504 708 1680 citiori
724 1501 957 1678 fidelibnfftum
973 1499 1180 1695 presengbus
1200 1627 1298 1693 quarn
1315 1607 1443 1676 futuris
1571 1595 1574 1682 ἶ

304 1737 438 1804 presens
469 1719 622 1805 scripturn
652 1718 847 1806 inspecturis
872 1717 1059 1803 Capitulum
1084 1716 1230 1784 Ecclesie
1261 1716 1436 1802 Agrienuis
1572 1717 1574 1792 ἶ

304 1827 441 1895 salutem
457 1827 491 1893 in
508 1827 651 1895 omnium
667 1826 839 1894 saluatore-
858 1825 910 1891 Ad
925 1824 1147 1892 uniuersorum
1158 1823 1314 1891 noticiam
1322 1829 1446 1891 tenore·
1571 1813 1574 1910 ξ

217 1959 219 1961 ·
307 1935 512 2019 presencium
537 1934 684 2002 uolumus
698 1931 868 2019 peruenire
884 1955 893 1998 t
908 1929 996 2014 quod
1014 1929 1187 2015 Ghepanus
1203 1930 1289 1998 filius
1316 1932 1445 2019 Kuncy·
1572 1939 1574 2026 ᾗ

308 2042 349 2110 de
365 2043 439 2128 Vng
455 2061 526 2109 curn
542 2041 610 2110 filio
626 2061 684 2110 suo
698 2040 864 2125 Stephano
880 2057 921 2106 cx
937 2059 1003 2106 vna
1019 2046 1123 2126 parte,
1155 2039 1199 2106 ab
1214 2040 1324 2107 altera
1355 2058 1445 2108 vero

272 2147 275 2156 “
310 2151 454 2220 Jaeobus
478 2148 566 2216 filius
592 2146 729 2232 Gregori
752 2147 795 2213 de
826 2145 936 2214 Panoh
969 2145 1012 2213 ad
1042 2154 1187 2214 nostram
1218 2149 1448 2232 personaliter·
1572 2155 1574 2228 ξ

310 2257 503 2325 aecedentes
548 2257 752 2341 presenciam
784 2251 997 2320 exhibuerunt
1028 2253 1121 2322 nobis
1152 2255 1280 2324 litteras
1311 2255 1444 2323 domini
1572 2243 1574 2328 ³

305 2366 408 2432 nostri
423 2363 523 2448 Regis
538 2361 623 2429 hunc
639 2367 782 2428 tenorem
798 2361 1018 2430 continentes:

413 2469 588 2537 Ladizlnns
604 2467 645 2535 D.
661 2489 708 2554 gr.
722 2469 794 2536 Rex
819 2468 986 2552 Hungarie
1016 2469 1078 2536 stb.
1111 2467 1260 2556 Capitulo
1290 2470 1447 2540 Ecclesic

307 2577 475 2661 Agriensis
499 2573 562 2644 stb.
583 2573 797 2660 (ktuetkezik
812 2575 868 2642 lv.
884 2574 1194 2663 Ltszltkirtlynnk
1226 2579 1365 2646 luto-ln·
1381 2600 1444 2666 pa—

308 2702 437 2772 rancse,
453 2683 535 2749 mint
550 2681 681 2751 sentebb
700 2683 774 2750 146.
791 2701 837 2748 sn.
854 2679 897 2770 a.)

414 2791 483 2856 Nos
501 2788 602 2874 igitur
616 2789 779 2859 mandatis
794 2788 917 2857 domini
933 2790 1036 2858 nostri
1052 2789 1152 2875 Regis
1162 2792 1440 2882 obtemperantes,

311 2903 346 2964 vt
361 2903 515 2984 tenemur,
548 2896 738 2965 Ladiziaum
754 2895 952 2964 canonicum
967 2897 1115 2965 Ecclesia
1131 2907 1243 2967 nostre
1266 2900 1439 2970 Archidia-
1570 2885 1574 2940 Ψ

313 3025 428 3074 conum
444 3007 485 3074 de
499 3003 626 3074 Zemlin
642 3004 687 3071 ad
702 3004 763 3073 hoc
778 3003 928 3072 duximus
945 3003 1140 3074 destinatum
1172 3002 1279 3094 (igy);
1304 3007 1361 3090 qui
1393 2994 1457 3078 ads
1572 2987 1574 3074 j

309 3135 368 3182 nos
386 3114 509 3182 reuersi
525 3111 636 3180 taliter
651 3113 841 3200 retulerunt,
868 3119 903 3178 vt
933 3109 1052 3180 dietam
1083 3113 1322 3199 possessionem
1354 3136 1447 3204 sepe
1569 3131 1574 3202 g

307 3221 385 3290 dicti
402 3220 479 3288 Che.
496 3219 618 3305 Ohepel
634 3225 795 3302 rooutunr,
811 3218 998 3287 conuocatis
1014 3221 1245 3290 commetaneis
1261 3229 1294 3290 et
1317 3222 1447 3294 vicinis
1571 3233 1574 3268 1

310 3327 414 3416 ipsius
430 3333 521 3411 terre,
539 3346 578 3394 ac
593 3325 819 3411 iobugionibus
835 3324 951 3411 Casiri,
978 3324 1132 3394 videlicet
1147 3327 1300 3417 Chemey,
1331 3331 1448 3419 Bnda,

309 3433 458 3519 Fuluium,
475 3433 641 3502 Andream
657 3432 780 3500 dictum
795 3431 897 3520 Dede,
911 3453 952 3500 uc
966 3432 1138 3502 Nicolaum
1155 3435 1256 3505 fllium
1271 3436 1439 3527 Koehord,

310 3543 366 3629 qui
382 3539 537 3609 Nicolans
553 3539 588 3608 in
602 3541 771 3627 presencia
794 3539 1003 3625 iobagionum
1034 3538 1142 3609 casui
1172 3561 1274 3629 usque
1304 3545 1447 3613 fluuium
1573 3545 1574 3548 ’

308 3649 384 3734 Vng
399 3667 436 3717 se
453 3654 707 3718 commetanevm
722 3647 827 3735 ipsius
842 3653 928 3716 terre
953 3649 1107 3736 asseruit,
1140 3654 1173 3716 et
1196 3649 1283 3719 ultra
1313 3651 1446 3720 dictum-

312 3758 447 3826 fluuium
461 3762 593 3844 separat
608 3755 650 3824 de
665 3762 753 3823 terra
769 3756 870 3841 Regis
885 3756 1019 3823 Machor
1033 3764 1159 3825 vocata.
1184 3756 1326 3836 Quorum
1347 3757 1441 3827 ioba·

309 3867 446 3950 gionum
462 3864 570 3934 cauni·
585 3871 663 3953 tres,
694 3862 820 3931 scilicet
836 3863 987 3951 Ghemey,
1018 3863 1112 3931 Bnda
1129 3871 1162 3932 et
1176 3863 1333 3934 Nicotaus
1349 3873 1448 3936 ante-

310 3974 421 4041 dictus
437 3971 470 4040 in
489 3971 597 4058 specie
613 3975 905 4038 commetaneorum
921 3959 1157 4060 comparentes,
1182 3975 1441 4060 perambulando

311 4099 372 4166 per
390 4087 519 4148 ueteres
534 4085 638 4147 metus
654 4079 850 4162 etantiquas
861 4077 999 4145 eundern
1010 4077 1199 4167 Ohepanum
1210 4101 1282 4150 cunr
1292 4081 1443 4150 filioSte·

312 4187 426 4276 phano
451 4184 604 4269 rendere,
629 4191 662 4252 et
677 4184 834 4253 iacobum
851 4185 1051 4272 sepedictum
1069 4207 1175 4256 emere
1191 4189 1298 4275 ipsam
1314 4207 1452 4275 posses·
1573 4219 1574 4224 ¹

310 4297 437 4363 sionem
453 4291 693 4379 commiserunt,
709 4291 798 4361 nullo
815 4293 1054 4364 contradictore
1069 4297 1240 4366 existente.
1255 4295 1442 4383 Superque
1573 4369 1574 4376 χ

312 4404 420 4472 eciem
435 4401 522 4492 idern
539 4400 616 4470 Che.
633 4419 704 4469 curn
720 4400 788 4470 filio
804 4421 863 4470 suo
878 4399 1055 4488 Stephano,
1072 4423 1111 4471 ac
1126 4421 1199 4471 curn
1209 4405 1446 4476 commeteneis
1573 4419 1574 4480 Ῑ

311 4511 393 4599 suis,
425 4509 552 4580 scilicet
576 4506 728 4597 chomey,
753 4509 848 4580 Buda
863 4517 894 4579 et
910 4509 1048 4580 Nicoiac
1064 4509 1133 4582 filio
1149 4511 1301 4582 Kochard
1332 4532 1448 4584 corano
1572 4499 1574 4546 ³

1571 4559 1574 4650 t

1572 4651 1574 4692 ι
