3160 5200
814 339 973 438 Q

329 533 425 618 tiuos,
443 539 476 600 et
491 539 526 598 ut
541 529 775 598 indissolubilis
790 529 1003 598 fraternitatis
1029 549 1123 616 opem
1139 538 1171 596 et
1186 551 1332 616 operam,
1363 533 1456 597 obse-

330 640 440 725 quium
472 647 505 705 et
535 637 702 722 auxilium,
718 643 863 703 tutamen
881 643 913 703 et
929 636 1083 702 iuuamen
1104 639 1146 704 ab
1163 638 1285 705 eisdem
1303 645 1469 723 tanquam

333 745 488 812 tratribus
503 746 570 811 suis
585 743 770 810 carnalibus
785 741 818 809 in
836 745 904 810 uita
919 763 980 811 soa
996 751 1030 810 et
1053 744 1087 809 iu
1119 763 1215 810 enum
1247 745 1281 809 in
1311 745 1469 812 omnibus

333 855 491 940 negocijs,
523 857 555 920 et
582 851 617 918 io
646 851 843 935 quibuslibet
873 849 941 917 suis
973 848 1108 934 agendis
1132 852 1288 936 consequi
1307 851 1425 920 ualeat
1439 861 1470 918 et

334 962 454 1030 habere
470 977 599 1045 semper
614 965 647 1027 et
662 959 800 1043 ubique;
825 979 885 1044 pro
900 979 941 1027 eo
958 959 1000 1026 de
1014 961 1223 1046 possessione
1254 979 1314 1028 sua
1348 959 1468 1043 Ogoua

333 1073 453 1136 vocata
483 1067 564 1136 istas
596 1073 698 1134 terras
730 1085 809 1132 suas
840 1087 897 1134 ssu
913 1066 1146 1153 possessiones,
1161 1088 1182 1134 a
1198 1067 1296 1151 uulgo
1315 1066 1465 1133 terrestri

221 1209 226 1220 κ
333 1175 568 1262 Vpunyacatus
583 1171 700 1260 dietus,
716 1170 840 1240 oeilioet
864 1171 971 1262 easy,
1003 1171 1138 1240 Odroba
1152 1179 1183 1240 el
1214 1171 1379 1239 Doruolch
1416 1193 1473 1239 ro·

333 1288 435 1368 eatae,
468 1279 647 1348 vicinantes
680 1285 712 1344 et
736 1279 889 1346 continue
920 1279 1108 1346 adiacentes
1140 1285 1174 1345 et
1203 1281 1357 1362 situatas,
1390 1298 1468 1345 enm

335 1388 511 1473 montibus,
527 1385 630 1471 siluis,
650 1384 856 1470 molendinis,
887 1385 1043 1454 fenilibus
1074 1391 1107 1452 et
1138 1384 1264 1468 tenetis,
1294 1385 1404 1452 vineis
1439 1393 1469 1452 et

333 1493 462 1578 uinetis,
494 1499 527 1560 et
543 1512 615 1560 cum
647 1493 765 1560 ceteris
779 1491 930 1561 omnibus
947 1491 1140 1559 utilitatibus
1164 1492 1232 1559 suis
1251 1497 1283 1558 et
1297 1492 1468 1577 pertiuen-

331 1601 392 1686 cijs
425 1599 619 1685 quibuslibet
650 1619 690 1666 ac
721 1598 979 1685 circumstanoijs
1011 1599 1184 1684 uniuersis,
1201 1597 1298 1664 certis
1312 1600 1416 1668 metis
1432 1606 1464 1666 et
1570 1592 1571 1595 ’

333 1707 481 1776 terminis
497 1706 638 1791 rudique
664 1705 881 1774 circumdatas
897 1711 930 1772 et
960 1707 1115 1794 uallatas,
1147 1705 1248 1791 dedit,
1280 1706 1421 1773 eontulit
1437 1713 1469 1773 el

336 1813 474 1884 tradidit
505 1811 738 1899 prenominatis
768 1813 924 1880 tratribus
956 1812 1023 1880 suis
1042 1813 1198 1896 Magistro
1213 1812 1379 1900 llychaeli
1395 1815 1470 1882 Pre-

338 1925 455 2010 posito,
473 1927 504 1989 et
521 1919 638 1988 Oomiti
653 1919 750 1987 Petro
765 1918 859 1987 fratri
874 1939 944 2005 suo,
960 1919 1037 2005 filijs
1054 1920 1187 1987 Comitis
1201 1919 1375 2004 Stephani,
1407 1921 1470 1989 sibi

337 2037 370 2097 et
386 2049 445 2115 per
461 2047 516 2096 eos
548 2026 615 2096 suis
631 2027 804 2094 heredibus
822 2035 854 2094 et
883 2027 1123 2095 successoribus
1139 2026 1421 2095 irretractabiliter
1437 2035 1469 2093 et

339 2133 593 2203 irreuocabiliter
609 2134 680 2200 iure
695 2139 850 2218 perpetuo
865 2135 1092 2220 possidendas,
1108 2133 1268 2218 tenendas
1299 2134 1424 2218 pariter
1439 2141 1473 2200 et

335 2243 516 2324 habendas,
548 2240 774 2309 nichilominus
806 2241 878 2325 ipso
908 2241 1065 2327 Magistro
1106 2239 1266 2308 hliobaele
1295 2241 1468 2326 Preposilo

337 2348 515 2418 decedente
531 2349 641 2434 porcio
658 2347 802 2416 eiusdem
819 2348 851 2414 in
868 2347 1008 2431 prelatis
1033 2347 1177 2415 territet
1207 2348 1471 2433 possessionibus

337 2456 461 2538 absque
493 2455 559 2522 ulla
600 2453 791 2521 difficultate
822 2461 856 2521 et
895 2452 1157 2523 contradicclone
1195 2453 1373 2521 cuiuslibet
1415 2455 1467 2521 uel

336 2561 553 2645 quorumlibet
583 2579 646 2627 non
680 2560 840 2646 obstante,
872 2559 976 2628 eidem
1008 2559 1126 2626 (lomiti
1156 2560 1252 2628 Petro
1284 2561 1379 2629 fratri
1410 2581 1470 2630 suo

340 2667 464 2736 carnali
496 2667 627 2749 suisque
657 2666 835 2734 heredibus
866 2673 900 2734 et
931 2665 1179 2752 posteritatibus
1210 2668 1245 2733 in
1277 2675 1468 2754 perpetuum

341 2779 511 2844 remaneat
525 2781 624 2859 atque
640 2772 746 2854 cedat,
762 2793 823 2842 neo
839 2773 935 2841 aliter
952 2773 1067 2857 quouis
1083 2772 1178 2840 modo
1209 2773 1283 2858 ipse
1314 2775 1470 2860 Magister

338 2880 478 2948 Michael
508 2879 703 2967 Prepositus,
733 2881 761 2948 si
778 2880 889 2964 uellet,
921 2879 1007 2964 quod
1033 2880 1130 2974 absit,
1148 2881 1260 2964 legare
1277 2883 1398 2968 ualeat,
1412 2882 1466 2950 uel
1578 2877 1579 2885 ’

340 2987 444 3056 eciam
476 2989 646 3073 ordinare;
680 2988 757 3073 quin
790 2988 918 3073 prefate
960 2987 1183 3074 possessiones
1216 3007 1288 3054 com
1320 2991 1468 3056 omuibus
1577 3027 1579 3088 j

338 3097 408 3164 suis
440 3095 636 3163 utilitatibus
654 3094 761 3161 taliter
777 3101 810 3162 et
826 3093 956 3161 omnino
974 3094 1092 3160 Comiti
1109 3095 1205 3160 Petro
1220 3093 1285 3160 lilio
1300 3094 1467 3182 Stephani,
1578 3089 1579 3092 ’

338 3205 407 3274 suis
423 3202 598 3270 heredibus
616 3209 647 3267 et
662 3202 799 3286 posteris
816 3210 1007 3268 remaneant
1037 3207 1194 3287 perpetuo
1224 3206 1323 3284 atque
1353 3200 1467 3270 cedant
1507 3179 1527 3210 '
1577 3219 1579 3262 2

287 3349 290 3354 n
340 3309 546 3395 possidendo.
579 3308 630 3375 Ad
661 3307 763 3375 hecsi
779 3307 865 3374 idem
897 3309 1013 3375 Comes
1045 3310 1158 3374 Petrus
1177 3307 1332 3375 heredum
1348 3309 1468 3377 solacio

341 3417 515 3486 decederet
531 3415 715 3502 destitutus,
731 3415 834 3482 seiam
854 3417 1077 3503 prenominata
1110 3417 1331 3502 possessiones
1363 3417 1468 3504 scay,

342 3523 485 3608 Odroha,
518 3531 551 3591 et
567 3522 732 3590 Doruolch
749 3530 864 3590 vocate
880 3523 1023 3592 eiusdem
1040 3521 1173 3590 Comitis
1188 3523 1277 3590 Petri
1293 3523 1464 3594 heredibus

340 3639 373 3701 ct
388 3632 642 3719 posteritatibus,
660 3633 715 3715 qui
733 3632 773 3699 de
791 3633 1007 3716 generacioue
1039 3653 1099 3700 sua
1131 3633 1164 3697 iu
1195 3633 1344 3718 paternis
1373 3632 1470 3700 bouis-

340 3738 446 3807 eidem
476 3737 652 3806 succedere
682 3739 835 3806 deberent
866 3740 1041 3808 secuudum
1072 3739 1177 3824 Regni
1193 3737 1463 3824 consuetudinem,

343 3846 623 3917 irretractabiliter
655 3853 687 3914 et
711 3845 991 3930 irrefragabiliter,
1022 3848 1321 3932 immutabiliterque
1351 3844 1467 3912 cedant

341 3965 374 4024 et
390 3955 532 4024 debeant
562 3973 731 4022 remanere
761 3955 832 4021 iure
863 3963 1021 4041 perpetuo
1052 3954 1260 4042 possidende,
1280 3953 1417 4021 tenende
1431 3961 1466 4020 et

339 4061 488 4131 habende
514 4060 626 4128 eodem
643 4061 738 4146 pleno
753 4067 787 4129 et
802 4061 992 4146 plenissimo
1008 4062 1089 4146 iure,
1105 4081 1170 4145 quo
1188 4061 1321 4128 easdem
1338 4077 1461 4146 posses-

339 4172 447 4239 siones
488 4168 626 4253 predicti
664 4169 823 4254 Magister
864 4169 1005 4236 Michael
1052 4171 1241 4255 Propositus
1283 4174 1316 4236 et
1355 4165 1465 4234 Comes

338 4281 453 4346 Petrus
470 4274 527 4360 filij
547 4275 681 4343 Comitis
697 4273 855 4362 Stephani
872 4275 1065 4362 habuerunt,
1081 4276 1288 4344 detinuerunt
1305 4283 1337 4341 et
1360 4293 1463 4360 posse
1576 4319 1577 4330 κ

338 4387 464 4454 derunt.
496 4381 566 4448 Hoc
581 4401 646 4448 non
674 4379 893 4469 pretermisso,
918 4381 1004 4465 quod
1020 4381 1113 4448 iuxta
1128 4381 1303 4468 premissas
1319 4387 1417 4447 terras
1430 4388 1465 4445 et
1576 4397 1577 4404 ¹

337 4489 564 4580 possessiones
596 4487 701 4576 (isay,
742 4485 884 4578 Odroha,
917 4497 949 4558 et
989 4488 1156 4558 Doruolch
1196 4495 1341 4576 uocatas,
1382 4489 1463 4554 sicut

337 4599 541 4686 premittitur,
573 4597 668 4662 unctis
701 4595 920 4664 circumdatas
952 4603 985 4664 'et
1018 4597 1169 4684 uallatas,
1200 4595 1353 4663 adiacent
1381 4603 1462 4663 terre
