<?xml version="1.0" encoding="UTF-8"?>
<!DOCTYPE html PUBLIC "-//W3C//DTD XHTML 1.0 Transitional//EN"
    "http://www.w3.org/TR/xhtml1/DTD/xhtml1-transitional.dtd">
<html xmlns="http://www.w3.org/1999/xhtml" xml:lang="en" lang="en">
 <head>
  <title>
</title>
<meta http-equiv="Content-Type" content="text/html;charset=utf-8" />
  <meta name='ocr-system' content='tesseract 3.04.00' />
  <meta name='ocr-capabilities' content='ocr_page ocr_carea ocr_par ocr_line ocrx_word'/>
</head>
<body>
  <div class='ocr_page' id='page_1' title='image "./codexdiplomatic00wenzgoog_0269.png"; bbox 0 0 3162 5200; ppageno 0'>
   <div class='ocr_carea' id='block_1_1' title="bbox 470 307 721 408">
    <p class='ocr_par' dir='ltr' id='par_1_1' title="bbox 470 307 721 408">
     <span class='ocr_line' id='line_1_1' title="bbox 470 307 721 408; baseline 0 0"><span class='ocrx_word' id='word_1_1' title='bbox 470 383 474 390; x_wconf 89' lang='lat'>.</span> <span class='ocrx_word' id='word_1_2' title='bbox 560 307 721 408; x_wconf 55' lang='lat' dir='ltr'>„res-</span> 
     </span>
    </p>
   </div>
   <div class='ocr_carea' id='block_1_2' title="bbox 93 491 1321 1554">
    <p class='ocr_par' dir='ltr' id='par_1_2' title="bbox 93 491 1321 1554">
     <span class='ocr_line' id='line_1_2' title="bbox 95 491 1320 588; baseline -0.004 -18"><span class='ocrx_word' id='word_1_3' title='bbox 95 509 160 570; x_wconf 85' lang='lat' dir='ltr'>runt</span> <span class='ocrx_word' id='word_1_4' title='bbox 173 522 193 570; x_wconf 91' lang='lat' dir='ltr'>a</span> <span class='ocrx_word' id='word_1_5' title='bbox 207 510 345 588; x_wconf 87' lang='lat' dir='ltr'>tempore</span> <span class='ocrx_word' id='word_1_6' title='bbox 360 501 496 570; x_wconf 86' lang='lat' dir='ltr'>alterius</span> <span class='ocrx_word' id='word_1_7' title='bbox 513 491 640 586; x_wconf 78' lang='lat' dir='ltr'>guerre,</span> <span class='ocrx_word' id='word_1_8' title='bbox 656 520 720 585; x_wconf 87' lang='lat' dir='ltr'>que</span> <span class='ocrx_word' id='word_1_9' title='bbox 736 491 842 568; x_wconf 83' lang='lat' dir='ltr'>sue&#39;r&#39;at</span> <span class='ocrx_word' id='word_1_10' title='bbox 857 500 942 566; x_wconf 87' lang='lat' dir='ltr'>inter</span> <span class='ocrx_word' id='word_1_11' title='bbox 968 498 1100 567; x_wconf 86' lang='lat' dir='ltr'>casdem</span> <span class='ocrx_word' id='word_1_12' title='bbox 1125 500 1208 568; x_wconf 84' lang='lat' dir='ltr'>ciui-</span> <span class='ocrx_word' id='word_1_13' title='bbox 1315 493 1320 502; x_wconf 81' lang='grc'><strong>’</strong></span> 
     </span>
     <span class='ocr_line' id='line_1_3' title="bbox 95 603 1297 694; baseline -0.001 -19"><span class='ocrx_word' id='word_1_14' title='bbox 95 615 183 678; x_wconf 86' lang='lat' dir='ltr'>totum</span> <span class='ocrx_word' id='word_1_15' title='bbox 211 613 282 694; x_wconf 92' lang='lat' dir='ltr'>post</span> <span class='ocrx_word' id='word_1_16' title='bbox 297 607 507 676; x_wconf 79' lang='lat' dir='ltr'>Tartarorum</span> <span class='ocrx_word' id='word_1_17' title='bbox 539 609 716 674; x_wconf 86' lang='lat' dir='ltr'>aduentum</span> <span class='ocrx_word' id='word_1_18' title='bbox 748 627 852 690; x_wconf 90' lang='lat' dir='ltr'>nsque</span> <span class='ocrx_word' id='word_1_19' title='bbox 868 606 902 672; x_wconf 92' lang='lat' dir='ltr'>iu</span> <span class='ocrx_word' id='word_1_20' title='bbox 918 625 1052 693; x_wconf 76' lang='lat' dir='ltr'>presens</span> <span class='ocrx_word' id='word_1_21' title='bbox 1069 616 1207 693; x_wconf 89' lang='lat' dir='ltr'>tempus,</span> <span class='ocrx_word' id='word_1_22' title='bbox 1295 603 1297 609; x_wconf 77' lang='grc'>’</span> 
     </span>
     <span class='ocr_line' id='line_1_4' title="bbox 95 701 1208 802; baseline -0.003 -20"><span class='ocrx_word' id='word_1_23' title='bbox 95 701 234 785; x_wconf 74' lang='lat' dir='ltr'>babentes</span> <span class='ocrx_word' id='word_1_24' title='bbox 250 718 291 784; x_wconf 90' lang='lat' dir='ltr'>ab</span> <span class='ocrx_word' id='word_1_25' title='bbox 308 725 445 802; x_wconf 88' lang='lat' dir='ltr'>utraque</span> <span class='ocrx_word' id='word_1_26' title='bbox 461 721 556 802; x_wconf 81' lang='lat' dir='ltr'>parte</span> <span class='ocrx_word' id='word_1_27' title='bbox 575 735 633 784; x_wconf 88' lang='lat' dir='ltr'>seu</span> <span class='ocrx_word' id='word_1_28' title='bbox 652 715 812 782; x_wconf 88' lang='lat' dir='ltr'>ambabus</span> <span class='ocrx_word' id='word_1_29' title='bbox 845 713 1040 782; x_wconf 72' lang='lat' dir='ltr'>ciuitatibus</span> <span class='ocrx_word' id='word_1_30' title='bbox 1070 712 1208 781; x_wconf 89' lang='lat' dir='ltr'>liberum</span> 
     </span>
     <span class='ocr_line' id='line_1_5' title="bbox 97 809 1321 910; baseline -0.002 -22"><span class='ocrx_word' id='word_1_31' title='bbox 97 822 252 890; x_wconf 85' lang='lat' dir='ltr'>incurretis</span> <span class='ocrx_word' id='word_1_32' title='bbox 274 825 455 908; x_wconf 72' lang='lat' dir='ltr'>arbitrium,</span> <span class='ocrx_word' id='word_1_33' title='bbox 486 825 575 902; x_wconf 87' lang='lat' dir='ltr'>velut</span> <span class='ocrx_word' id='word_1_34' title='bbox 590 828 682 908; x_wconf 86' lang='lat' dir='ltr'>patet</span> <span class='ocrx_word' id='word_1_35' title='bbox 698 841 758 910; x_wconf 90' lang='lat' dir='ltr'>per</span> <span class='ocrx_word' id='word_1_36' title='bbox 772 821 847 908; x_wconf 86' lang='lat' dir='ltr'>ipsa</span> <span class='ocrx_word' id='word_1_37' title='bbox 862 809 929 888; x_wconf 91' lang='lat' dir='ltr'>duo</span> <span class='ocrx_word' id='word_1_38' title='bbox 943 822 1074 908; x_wconf 89' lang='lat' dir='ltr'>publica</span> <span class='ocrx_word' id='word_1_39' title='bbox 1088 821 1207 888; x_wconf 92' lang='lat' dir='ltr'>iustru·</span> <span class='ocrx_word' id='word_1_40' title='bbox 1317 811 1321 818; x_wconf 83' lang='grc'><strong>’</strong></span> 
     </span>
     <span class='ocr_line' id='line_1_6' title="bbox 95 927 1207 1018; baseline -0.002 -22"><span class='ocrx_word' id='word_1_41' title='bbox 95 939 190 998; x_wconf 80' lang='lat' dir='ltr'>menta</span> <span class='ocrx_word' id='word_1_42' title='bbox 205 933 426 1016; x_wconf 76' lang='lat' dir='ltr'>compromissi</span> <span class='ocrx_word' id='word_1_43' title='bbox 442 931 592 1018; x_wconf 89' lang='lat' dir='ltr'>superius</span> <span class='ocrx_word' id='word_1_44' title='bbox 607 931 784 998; x_wconf 89' lang='lat' dir='ltr'>nominata.</span> <span class='ocrx_word' id='word_1_45' title='bbox 801 929 935 996; x_wconf 82' lang='lat' dir='ltr'>Auditis</span> <span class='ocrx_word' id='word_1_46' title='bbox 966 930 1101 1016; x_wconf 90' lang='lat' dir='ltr'>insuper</span> <span class='ocrx_word' id='word_1_47' title='bbox 1130 927 1207 996; x_wconf 90' lang='lat' dir='ltr'>utri-</span> 
     </span>
     <span class='ocr_line' id='line_1_7' title="bbox 96 1033 1208 1126; baseline -0.002 -22"><span class='ocrx_word' id='word_1_48' title='bbox 96 1057 184 1122; x_wconf 76' lang='lat' dir='ltr'>usque</span> <span class='ocrx_word' id='word_1_49' title='bbox 196 1039 298 1124; x_wconf 89' lang='lat' dir='ltr'>partis</span> <span class='ocrx_word' id='word_1_50' title='bbox 313 1038 512 1126; x_wconf 76' lang='lat' dir='ltr'>rarioribus,</span> <span class='ocrx_word' id='word_1_51' title='bbox 526 1037 644 1104; x_wconf 87' lang='lat' dir='ltr'>litteris</span> <span class='ocrx_word' id='word_1_52' title='bbox 659 1045 692 1104; x_wconf 88' lang='lat' dir='ltr'>et</span> <span class='ocrx_word' id='word_1_53' title='bbox 706 1036 887 1122; x_wconf 82' lang='lat' dir='ltr'>Regalibus</span> <span class='ocrx_word' id='word_1_54' title='bbox 907 1037 1101 1123; x_wconf 81' lang='lat' dir='ltr'>priuilegijs,</span> <span class='ocrx_word' id='word_1_55' title='bbox 1118 1033 1208 1102; x_wconf 87' lang='lat' dir='ltr'>habi-</span> 
     </span>
     <span class='ocr_line' id='line_1_8' title="bbox 95 1142 1209 1232; baseline -0.001 -21"><span class='ocrx_word' id='word_1_56' title='bbox 95 1153 178 1232; x_wconf 87' lang='lat' dir='ltr'>toque</span> <span class='ocrx_word' id='word_1_57' title='bbox 191 1144 358 1212; x_wconf 88' lang='lat' dir='ltr'>multorum</span> <span class='ocrx_word' id='word_1_58' title='bbox 375 1147 549 1230; x_wconf 90' lang='lat' dir='ltr'>proborum</span> <span class='ocrx_word' id='word_1_59' title='bbox 567 1152 600 1210; x_wconf 87' lang='lat' dir='ltr'>ct</span> <span class='ocrx_word' id='word_1_60' title='bbox 615 1144 801 1232; x_wconf 89' lang='lat' dir='ltr'>sapientum</span> <span class='ocrx_word' id='word_1_61' title='bbox 827 1143 969 1210; x_wconf 87' lang='lat' dir='ltr'>virorum</span> <span class='ocrx_word' id='word_1_62' title='bbox 985 1148 1051 1210; x_wconf 89' lang='lat' dir='ltr'>tam</span> <span class='ocrx_word' id='word_1_63' title='bbox 1076 1142 1209 1227; x_wconf 83' lang='lat' dir='ltr'>religio·</span> 
     </span>
     <span class='ocr_line' id='line_1_9' title="bbox 93 1249 1208 1337; baseline -0.003 -17"><span class='ocrx_word' id='word_1_64' title='bbox 93 1270 187 1320; x_wconf 88' lang='lat' dir='ltr'>sorum</span> <span class='ocrx_word' id='word_1_65' title='bbox 212 1273 306 1337; x_wconf 87' lang='lat' dir='ltr'>quam</span> <span class='ocrx_word' id='word_1_66' title='bbox 335 1251 533 1319; x_wconf 80' lang='lat' dir='ltr'>secularium</span> <span class='ocrx_word' id='word_1_67' title='bbox 549 1251 686 1317; x_wconf 90' lang='lat' dir='ltr'>consilio</span> <span class='ocrx_word' id='word_1_68' title='bbox 703 1256 735 1316; x_wconf 88' lang='lat' dir='ltr'>et</span> <span class='ocrx_word' id='word_1_69' title='bbox 750 1249 990 1319; x_wconf 78' lang='lat' dir='ltr'>deliberacione</span> <span class='ocrx_word' id='word_1_70' title='bbox 1009 1252 1051 1317; x_wconf 89' lang='lat' dir='ltr'>ad</span> <span class='ocrx_word' id='word_1_71' title='bbox 1066 1250 1208 1320; x_wconf 89' lang='lat' dir='ltr'>inuicem</span> 
     </span>
     <span class='ocr_line' id='line_1_10' title="bbox 95 1358 1212 1448; baseline 0.001 -23"><span class='ocrx_word' id='word_1_72' title='bbox 95 1359 228 1448; x_wconf 78' lang='lat' dir='ltr'>diligenti</span> <span class='ocrx_word' id='word_1_73' title='bbox 245 1358 458 1446; x_wconf 86' lang='lat' dir='ltr'>concorditer,</span> <span class='ocrx_word' id='word_1_74' title='bbox 488 1361 553 1426; x_wconf 89' lang='lat' dir='ltr'>Dei</span> <span class='ocrx_word' id='word_1_75' title='bbox 583 1359 714 1428; x_wconf 87' lang='lat' dir='ltr'>nomine</span> <span class='ocrx_word' id='word_1_76' title='bbox 745 1359 909 1443; x_wconf 89' lang='lat' dir='ltr'>inuocato,</span> <span class='ocrx_word' id='word_1_77' title='bbox 925 1365 958 1425; x_wconf 90' lang='lat' dir='ltr'>et</span> <span class='ocrx_word' id='word_1_78' title='bbox 987 1359 1020 1426; x_wconf 89' lang='lat' dir='ltr'>vi</span> <span class='ocrx_word' id='word_1_79' title='bbox 1039 1367 1071 1426; x_wconf 90' lang='lat' dir='ltr'>et</span> <span class='ocrx_word' id='word_1_80' title='bbox 1100 1359 1212 1442; x_wconf 82' lang='lat' dir='ltr'>vigore</span> 
     </span>
     <span class='ocr_line' id='line_1_11' title="bbox 96 1467 1210 1554; baseline -0.001 -19"><span class='ocrx_word' id='word_1_81' title='bbox 96 1467 254 1552; x_wconf 88' lang='lat' dir='ltr'>supradicti</span> <span class='ocrx_word' id='word_1_82' title='bbox 286 1469 389 1535; x_wconf 87' lang='lat' dir='ltr'>nostri</span> <span class='ocrx_word' id='word_1_83' title='bbox 406 1467 535 1554; x_wconf 86' lang='lat' dir='ltr'>arbitrij</span> <span class='ocrx_word' id='word_1_84' title='bbox 561 1468 769 1553; x_wconf 83' lang='lat' dir='ltr'>presentibus</span> <span class='ocrx_word' id='word_1_85' title='bbox 783 1467 931 1552; x_wconf 86' lang='lat' dir='ltr'>partibus</span> <span class='ocrx_word' id='word_1_86' title='bbox 947 1469 1210 1554; x_wconf 83' lang='lat' dir='ltr'>pronunciamus,</span> 
     </span>
    </p>
   </div>
   <div class='ocr_carea' id='block_1_3' title="bbox 15 1571 1210 1663">
    <p class='ocr_par' dir='ltr' id='par_1_3' title="bbox 15 1571 1210 1663">
     <span class='ocr_line' id='line_1_12' title="bbox 15 1571 1210 1663; baseline -0.007 -16"><span class='ocrx_word' id='word_1_87' title='bbox 15 1644 17 1647; x_wconf 81' lang='grc'><strong>,</strong></span> <span class='ocrx_word' id='word_1_88' title='bbox 95 1578 324 1663; x_wconf 70' lang='lat' dir='ltr'>sentenciam,</span> <span class='ocrx_word' id='word_1_89' title='bbox 341 1577 526 1662; x_wconf 87' lang='lat' dir='ltr'>laudamus,</span> <span class='ocrx_word' id='word_1_90' title='bbox 542 1576 740 1644; x_wconf 88' lang='lat' dir='ltr'>arbitramur</span> <span class='ocrx_word' id='word_1_91' title='bbox 763 1578 862 1658; x_wconf 89' lang='lat' dir='ltr'>atquo</span> <span class='ocrx_word' id='word_1_92' title='bbox 887 1571 1080 1642; x_wconf 89' lang='lat' dir='ltr'>mandamus</span> <span class='ocrx_word' id='word_1_93' title='bbox 1097 1601 1105 1642; x_wconf 76' lang='grc' dir='ltr'>ι</span> <span class='ocrx_word' id='word_1_94' title='bbox 1123 1572 1210 1660; x_wconf 90' lang='lat' dir='ltr'>qnod</span> 
     </span>
    </p>
   </div>
   <div class='ocr_carea' id='block_1_4' title="bbox 92 1682 1227 2734">
    <p class='ocr_par' dir='ltr' id='par_1_4' title="bbox 92 1682 1227 2734">
     <span class='ocr_line' id='line_1_13' title="bbox 95 1682 1208 1767; baseline -0.001 -19"><span class='ocrx_word' id='word_1_95' title='bbox 95 1683 169 1748; x_wconf 88' lang='lat' dir='ltr'>omni</span> <span class='ocrx_word' id='word_1_96' title='bbox 197 1685 367 1751; x_wconf 86' lang='lat' dir='ltr'>occasione</span> <span class='ocrx_word' id='word_1_97' title='bbox 397 1690 430 1749; x_wconf 89' lang='lat' dir='ltr'>et</span> <span class='ocrx_word' id='word_1_98' title='bbox 465 1683 660 1767; x_wconf 84' lang='lat' dir='ltr'>excepcioue</span> <span class='ocrx_word' id='word_1_99' title='bbox 691 1687 788 1767; x_wconf 87' lang='lat' dir='ltr'>atque</span> <span class='ocrx_word' id='word_1_100' title='bbox 820 1682 953 1749; x_wconf 90' lang='lat' dir='ltr'>racione</span> <span class='ocrx_word' id='word_1_101' title='bbox 982 1690 1208 1762; x_wconf 73' lang='lat' dir='ltr'>renotatam</span> 
     </span>
     <span class='ocr_line' id='line_1_14' title="bbox 93 1787 1206 1876; baseline 0.002 -22"><span class='ocrx_word' id='word_1_102' title='bbox 93 1787 223 1856; x_wconf 87' lang='lat' dir='ltr'>homines</span> <span class='ocrx_word' id='word_1_103' title='bbox 238 1809 336 1873; x_wconf 89' lang='lat' dir='ltr'>quam</span> <span class='ocrx_word' id='word_1_104' title='bbox 354 1789 531 1857; x_wconf 84' lang='lat' dir='ltr'>Commune</span> <span class='ocrx_word' id='word_1_105' title='bbox 547 1787 700 1874; x_wconf 77' lang='lat' dir='ltr'>Tragurij</span> <span class='ocrx_word' id='word_1_106' title='bbox 727 1789 926 1872; x_wconf 83' lang='lat' dir='ltr'>generaliter</span> <span class='ocrx_word' id='word_1_107' title='bbox 955 1796 1054 1874; x_wconf 81' lang='lat' dir='ltr'>atque</span> <span class='ocrx_word' id='word_1_108' title='bbox 1085 1791 1206 1876; x_wconf 81' lang='lat' dir='ltr'>specia-</span> 
     </span>
     <span class='ocr_line' id='line_1_15' title="bbox 95 1895 1213 1984; baseline 0.004 -23"><span class='ocrx_word' id='word_1_109' title='bbox 95 1895 167 1982; x_wconf 88' lang='lat' dir='ltr'>liter,</span> <span class='ocrx_word' id='word_1_110' title='bbox 183 1905 213 1963; x_wconf 90' lang='lat' dir='ltr'>et</span> <span class='ocrx_word' id='word_1_111' title='bbox 242 1898 298 1981; x_wconf 87' lang='lat' dir='ltr'>qui</span> <span class='ocrx_word' id='word_1_112' title='bbox 315 1917 377 1983; x_wconf 90' lang='lat' dir='ltr'>pro</span> <span class='ocrx_word' id='word_1_113' title='bbox 396 1897 442 1964; x_wconf 88' lang='lat' dir='ltr'>eis</span> <span class='ocrx_word' id='word_1_114' title='bbox 474 1905 559 1984; x_wconf 92' lang='lat' dir='ltr'>snut,</span> <span class='ocrx_word' id='word_1_115' title='bbox 590 1895 814 1981; x_wconf 87' lang='lat' dir='ltr'>possessiones</span> <span class='ocrx_word' id='word_1_116' title='bbox 833 1903 968 1964; x_wconf 88' lang='lat' dir='ltr'>cunctas</span> <span class='ocrx_word' id='word_1_117' title='bbox 985 1895 1213 1982; x_wconf 87' lang='lat' dir='ltr'>Arcbiepiseo·</span> 
     </span>
     <span class='ocr_line' id='line_1_16' title="bbox 94 2001 1227 2090; baseline 0.004 -21"><span class='ocrx_word' id='word_1_118' title='bbox 94 2010 186 2090; x_wconf 87' lang='lat' dir='ltr'>patus,</span> <span class='ocrx_word' id='word_1_119' title='bbox 215 2003 487 2072; x_wconf 85' lang='lat' dir='ltr'>llonasteriorum</span> <span class='ocrx_word' id='word_1_120' title='bbox 518 2024 577 2072; x_wconf 90' lang='lat' dir='ltr'>seu</span> <span class='ocrx_word' id='word_1_121' title='bbox 607 2002 827 2070; x_wconf 82' lang='lat' dir='ltr'>Ecclesiumm</span> <span class='ocrx_word' id='word_1_122' title='bbox 861 2001 1117 2090; x_wconf 86' lang='lat' dir='ltr'>Spalutensium,</span> <span class='ocrx_word' id='word_1_123' title='bbox 1147 2025 1227 2090; x_wconf 79' lang='lat' dir='ltr'>que,</span> 
     </span>
     <span class='ocr_line' id='line_1_17' title="bbox 93 2110 1214 2197; baseline 0.004 -21"><span class='ocrx_word' id='word_1_124' title='bbox 93 2119 155 2176; x_wconf 89' lang='lat' dir='ltr'>suut</span> <span class='ocrx_word' id='word_1_125' title='bbox 168 2131 224 2178; x_wconf 90' lang='lat' dir='ltr'>seu</span> <span class='ocrx_word' id='word_1_126' title='bbox 241 2131 326 2197; x_wconf 84' lang='lat' dir='ltr'>quas</span> <span class='ocrx_word' id='word_1_127' title='bbox 345 2117 459 2178; x_wconf 90' lang='lat' dir='ltr'>teuent</span> <span class='ocrx_word' id='word_1_128' title='bbox 475 2130 496 2177; x_wconf 90' lang='lat' dir='ltr'>a</span> <span class='ocrx_word' id='word_1_129' title='bbox 511 2110 674 2194; x_wconf 89' lang='lat' dir='ltr'>columna,</span> <span class='ocrx_word' id='word_1_130' title='bbox 692 2131 756 2195; x_wconf 88' lang='lat' dir='ltr'>qne</span> <span class='ocrx_word' id='word_1_131' title='bbox 772 2130 830 2196; x_wconf 88' lang='lat' dir='ltr'>pro</span> <span class='ocrx_word' id='word_1_132' title='bbox 847 2118 934 2177; x_wconf 88' lang='lat' dir='ltr'>meta</span> <span class='ocrx_word' id='word_1_133' title='bbox 953 2111 1132 2195; x_wconf 87' lang='lat' dir='ltr'>antiquitus</span> <span class='ocrx_word' id='word_1_134' title='bbox 1148 2111 1214 2180; x_wconf 89' lang='lat' dir='ltr'>sita</span> 
     </span>
     <span class='ocr_line' id='line_1_18' title="bbox 94 2215 1213 2308; baseline 0.005 -26"><span class='ocrx_word' id='word_1_135' title='bbox 94 2224 153 2284; x_wconf 87' lang='lat' dir='ltr'>erat</span> <span class='ocrx_word' id='word_1_136' title='bbox 173 2217 255 2284; x_wconf 83' lang='lat' dir='ltr'>iufra</span> <span class='ocrx_word' id='word_1_137' title='bbox 269 2239 387 2286; x_wconf 77' lang='lat' dir='ltr'>versus</span> <span class='ocrx_word' id='word_1_138' title='bbox 403 2215 578 2285; x_wconf 80' lang='lat' dir='ltr'>ciuitatem</span> <span class='ocrx_word' id='word_1_139' title='bbox 594 2215 766 2300; x_wconf 80' lang='lat' dir='ltr'>Tragurij3</span> <span class='ocrx_word' id='word_1_140' title='bbox 790 2235 853 2301; x_wconf 89' lang='lat' dir='ltr'>qne</span> <span class='ocrx_word' id='word_1_141' title='bbox 882 2217 1042 2301; x_wconf 87' lang='lat' dir='ltr'>siquidem</span> <span class='ocrx_word' id='word_1_142' title='bbox 1083 2239 1213 2308; x_wconf 90' lang='lat' dir='ltr'>posses-</span> 
     </span>
     <span class='ocr_line' id='line_1_19' title="bbox 95 2324 1213 2410; baseline 0.004 -20"><span class='ocrx_word' id='word_1_143' title='bbox 95 2325 189 2392; x_wconf 86' lang='lat' dir='ltr'>siones</span> <span class='ocrx_word' id='word_1_144' title='bbox 219 2325 374 2391; x_wconf 85' lang='lat' dir='ltr'>uniuersa</span> <span class='ocrx_word' id='word_1_145' title='bbox 405 2344 463 2410; x_wconf 89' lang='lat' dir='ltr'>per</span> <span class='ocrx_word' id='word_1_146' title='bbox 489 2325 664 2392; x_wconf 80' lang='lat' dir='ltr'>Commune</span> <span class='ocrx_word' id='word_1_147' title='bbox 680 2325 807 2409; x_wconf 85' lang='lat' dir='ltr'>Spalati</span> <span class='ocrx_word' id='word_1_148' title='bbox 823 2324 1017 2392; x_wconf 88' lang='lat' dir='ltr'>concordate</span> <span class='ocrx_word' id='word_1_149' title='bbox 1034 2347 1074 2392; x_wconf 95' lang='lat' dir='ltr'>ac</span> <span class='ocrx_word' id='word_1_150' title='bbox 1094 2326 1213 2396; x_wconf 90' lang='lat' dir='ltr'>delibe-</span> 
     </span>
     <span class='ocr_line' id='line_1_20' title="bbox 93 2431 1212 2520; baseline 0.006 -24"><span class='ocrx_word' id='word_1_151' title='bbox 93 2432 293 2500; x_wconf 66' lang='lat' dir='ltr'>inaruerunt</span> <span class='ocrx_word' id='word_1_152' title='bbox 312 2432 418 2500; x_wconf 89' lang='lat' dir='ltr'>eidem</span> <span class='ocrx_word' id='word_1_153' title='bbox 436 2433 606 2498; x_wconf 80' lang='lat' dir='ltr'>Communi</span> <span class='ocrx_word' id='word_1_154' title='bbox 622 2431 774 2520; x_wconf 78' lang='lat' dir='ltr'>Tragurij</span> <span class='ocrx_word' id='word_1_155' title='bbox 791 2436 936 2516; x_wconf 87' lang='lat' dir='ltr'>tempore</span> <span class='ocrx_word' id='word_1_156' title='bbox 952 2433 1069 2519; x_wconf 88' lang='lat' dir='ltr'>prioris</span> <span class='ocrx_word' id='word_1_157' title='bbox 1095 2455 1212 2519; x_wconf 79' lang='lat' dir='ltr'>guerre</span> 
     </span>
     <span class='ocr_line' id='line_1_21' title="bbox 92 2537 1213 2628; baseline 0.007 -24"><span class='ocrx_word' id='word_1_158' title='bbox 92 2538 158 2604; x_wconf 93' lang='lat' dir='ltr'>olim</span> <span class='ocrx_word' id='word_1_159' title='bbox 172 2540 254 2607; x_wconf 89' lang='lat' dir='ltr'>iuter</span> <span class='ocrx_word' id='word_1_160' title='bbox 285 2539 454 2624; x_wconf 84' lang='lat' dir='ltr'>predictas</span> <span class='ocrx_word' id='word_1_161' title='bbox 470 2537 627 2607; x_wconf 80' lang='lat' dir='ltr'>Ciuitates</span> <span class='ocrx_word' id='word_1_162' title='bbox 646 2537 777 2623; x_wconf 88' lang='lat' dir='ltr'>Spalati</span> <span class='ocrx_word' id='word_1_163' title='bbox 792 2543 827 2606; x_wconf 87' lang='lat' dir='ltr'>at</span> <span class='ocrx_word' id='word_1_164' title='bbox 840 2541 989 2624; x_wconf 79' lang='lat' dir='ltr'>Tragurij</span> <span class='ocrx_word' id='word_1_165' title='bbox 1011 2541 1121 2610; x_wconf 85' lang='lat' dir='ltr'>habite</span> <span class='ocrx_word' id='word_1_166' title='bbox 1137 2551 1213 2628; x_wconf 90' lang='lat' dir='ltr'>post</span> 
     </span>
     <span class='ocr_line' id='line_1_22' title="bbox 92 2639 1213 2734; baseline 0.003 -22"><span class='ocrx_word' id='word_1_167' title='bbox 92 2647 286 2714; x_wconf 81' lang='lat' dir='ltr'>Tartarorum</span> <span class='ocrx_word' id='word_1_168' title='bbox 321 2639 506 2733; x_wconf 87' lang='lat' dir='ltr'>aduentum,</span> <span class='ocrx_word' id='word_1_169' title='bbox 535 2654 571 2714; x_wconf 89' lang='lat' dir='ltr'>nt</span> <span class='ocrx_word' id='word_1_170' title='bbox 601 2647 750 2733; x_wconf 88' lang='lat' dir='ltr'>superius</span> <span class='ocrx_word' id='word_1_171' title='bbox 781 2653 831 2713; x_wconf 92' lang='lat' dir='ltr'>est</span> <span class='ocrx_word' id='word_1_172' title='bbox 861 2667 1059 2734; x_wconf 85' lang='lat' dir='ltr'>expressum,</span> <span class='ocrx_word' id='word_1_173' title='bbox 1091 2648 1213 2717; x_wconf 86' lang='lat' dir='ltr'>eisdem</span> 
     </span>
    </p>
   </div>
   <div class='ocr_carea' id='block_1_5' title="bbox 29 2742 1214 2846">
    <p class='ocr_par' dir='ltr' id='par_1_5' title="bbox 29 2742 1214 2846">
     <span class='ocr_line' id='line_1_23' title="bbox 29 2742 1214 2846; baseline 0.003 -27"><span class='ocrx_word' id='word_1_174' title='bbox 29 2742 32 2751; x_wconf 74' lang='grc'><strong>’</strong></span> <span class='ocrx_word' id='word_1_175' title='bbox 92 2753 275 2838; x_wconf 87' lang='lat' dir='ltr'>supradictis</span> <span class='ocrx_word' id='word_1_176' title='bbox 308 2754 626 2840; x_wconf 80' lang='lat' dir='ltr'>Archiepiscopatui,</span> <span class='ocrx_word' id='word_1_177' title='bbox 659 2760 693 2821; x_wconf 88' lang='lat' dir='ltr'>et</span> <span class='ocrx_word' id='word_1_178' title='bbox 724 2750 877 2838; x_wconf 83' lang='lat' dir='ltr'>capituto</span> <span class='ocrx_word' id='word_1_179' title='bbox 907 2753 1001 2822; x_wconf 87' lang='lat' dir='ltr'>Beati</span> <span class='ocrx_word' id='word_1_180' title='bbox 1020 2755 1162 2846; x_wconf 90' lang='lat' dir='ltr'>Domnij,</span> <span class='ocrx_word' id='word_1_181' title='bbox 1181 2763 1214 2823; x_wconf 88' lang='lat' dir='ltr'>et</span> 
     </span>
    </p>
   </div>
   <div class='ocr_carea' id='block_1_6' title="bbox 90 2859 1212 3055">
    <p class='ocr_par' dir='ltr' id='par_1_6' title="bbox 90 2859 1212 3055">
     <span class='ocr_line' id='line_1_24' title="bbox 92 2859 1212 2948; baseline 0.002 -20"><span class='ocrx_word' id='word_1_182' title='bbox 92 2861 201 2930; x_wconf 88' lang='lat' dir='ltr'>cunctis</span> <span class='ocrx_word' id='word_1_183' title='bbox 216 2861 428 2945; x_wconf 84' lang='lat' dir='ltr'>Monasterijs</span> <span class='ocrx_word' id='word_1_184' title='bbox 445 2869 478 2927; x_wconf 88' lang='lat' dir='ltr'>et</span> <span class='ocrx_word' id='word_1_185' title='bbox 492 2859 649 2946; x_wconf 77' lang='lat' dir='ltr'>Ecclesijs</span> <span class='ocrx_word' id='word_1_186' title='bbox 666 2861 708 2928; x_wconf 93' lang='lat' dir='ltr'>de</span> <span class='ocrx_word' id='word_1_187' title='bbox 725 2859 863 2947; x_wconf 87' lang='lat' dir='ltr'>Spalato</span> <span class='ocrx_word' id='word_1_188' title='bbox 887 2861 978 2928; x_wconf 93' lang='lat' dir='ltr'>illico</span> <span class='ocrx_word' id='word_1_189' title='bbox 1003 2861 1082 2931; x_wconf 88' lang='lat' dir='ltr'>dare</span> <span class='ocrx_word' id='word_1_190' title='bbox 1113 2871 1212 2948; x_wconf 87' lang='lat' dir='ltr'>atquo</span> 
     </span>
     <span class='ocr_line' id='line_1_25' title="bbox 90 2967 1210 3055; baseline 0.003 -20"><span class='ocrx_word' id='word_1_191' title='bbox 90 2969 248 3036; x_wconf 86' lang='lat' dir='ltr'>restituere</span> <span class='ocrx_word' id='word_1_192' title='bbox 279 2967 425 3035; x_wconf 90' lang='lat' dir='ltr'>debeant</span> <span class='ocrx_word' id='word_1_193' title='bbox 442 2974 474 3034; x_wconf 86' lang='lat' dir='ltr'>ct</span> <span class='ocrx_word' id='word_1_194' title='bbox 489 2969 647 3055; x_wconf 84' lang='lat' dir='ltr'>relaxare,</span> <span class='ocrx_word' id='word_1_195' title='bbox 673 2987 747 3034; x_wconf 91' lang='lat' dir='ltr'>oum</span> <span class='ocrx_word' id='word_1_196' title='bbox 762 2969 910 3036; x_wconf 89' lang='lat' dir='ltr'>omuibus</span> <span class='ocrx_word' id='word_1_197' title='bbox 923 2967 1210 3053; x_wconf 87' lang='lat' dir='ltr'>jurisdicoionibus</span> 
     </span>
    </p>
   </div>
   <div class='ocr_carea' id='block_1_7' title="bbox 21 3074 1213 3269">
    <p class='ocr_par' dir='ltr' id='par_1_7' title="bbox 19 3074 1213 3269">
     <span class='ocr_line' id='line_1_26' title="bbox 92 3074 1213 3162; baseline -0.001 -18.061"><span class='ocrx_word' id='word_1_198' title='bbox 92 3077 277 3144; x_wconf 82' lang='lat' dir='ltr'>senioribus</span> <span class='ocrx_word' id='word_1_199' title='bbox 294 3074 516 3162; x_wconf 87' lang='lat' dir='ltr'>pertinencijs,</span> <span class='ocrx_word' id='word_1_200' title='bbox 532 3075 710 3144; x_wconf 89' lang='lat' dir='ltr'>secuudum</span> <span class='ocrx_word' id='word_1_201' title='bbox 736 3074 823 3160; x_wconf 89' lang='lat' dir='ltr'>quod</span> <span class='ocrx_word' id='word_1_202' title='bbox 854 3096 914 3144; x_wconf 88' lang='lat' dir='ltr'>uos</span> <span class='ocrx_word' id='word_1_203' title='bbox 946 3096 1001 3144; x_wconf 89' lang='lat' dir='ltr'>eas</span> <span class='ocrx_word' id='word_1_204' title='bbox 1033 3075 1156 3158; x_wconf 86' lang='lat' dir='ltr'>liquido</span> <span class='ocrx_word' id='word_1_205' title='bbox 1173 3097 1213 3144; x_wconf 86' lang='lat' dir='ltr'>ac</span> 
     </span>
     <span class='ocr_line' id='line_1_27' title="bbox 21 3181 1212 3269; baseline 0 -19"><span class='ocrx_word' id='word_1_206' title='bbox 21 3226 25 3234; x_wconf 87' lang='lat'><em>-</em></span> <span class='ocrx_word' id='word_1_207' title='bbox 91 3181 207 3267; x_wconf 86' lang='lat' dir='ltr'>publico</span> <span class='ocrx_word' id='word_1_208' title='bbox 236 3183 455 3251; x_wconf 86' lang='lat' dir='ltr'>instrumento</span> <span class='ocrx_word' id='word_1_209' title='bbox 485 3183 608 3269; x_wconf 88' lang='lat' dir='ltr'>scripto</span> <span class='ocrx_word' id='word_1_210' title='bbox 624 3187 656 3248; x_wconf 88' lang='lat' dir='ltr'>et</span> <span class='ocrx_word' id='word_1_211' title='bbox 671 3183 833 3267; x_wconf 89' lang='lat' dir='ltr'>completo</span> <span class='ocrx_word' id='word_1_212' title='bbox 858 3203 957 3250; x_wconf 89' lang='lat' dir='ltr'>manu</span> <span class='ocrx_word' id='word_1_213' title='bbox 972 3183 1098 3268; x_wconf 86' lang='lat' dir='ltr'>Notarij</span> <span class='ocrx_word' id='word_1_214' title='bbox 1116 3183 1212 3250; x_wconf 87' lang='lat' dir='ltr'>infra·</span> 
     </span>
    </p>
   </div>
   <div class='ocr_carea' id='block_1_8' title="bbox 13 3453 20 3552">
    <p class='ocr_par' dir='ltr' id='par_1_8' title="bbox 13 3453 20 3552">
     <span class='ocr_line' id='line_1_28' title="bbox 13 3453 20 3552; baseline 0 -12"><span class='ocrx_word' id='word_1_215' title='bbox 13 3453 20 3552; x_wconf 74' lang='lat' dir='ltr'>l</span> 
     </span>
    </p>
   </div>
   <div class='ocr_carea' id='block_1_9' title="bbox 89 3288 1217 3809">
    <p class='ocr_par' dir='ltr' id='par_1_9' title="bbox 89 3288 1217 3809">
     <span class='ocr_line' id='line_1_29' title="bbox 92 3288 1215 3379; baseline 0.001 -22"><span class='ocrx_word' id='word_1_216' title='bbox 92 3291 202 3379; x_wconf 86' lang='lat' dir='ltr'>scripti,</span> <span class='ocrx_word' id='word_1_217' title='bbox 227 3288 458 3376; x_wconf 87' lang='lat' dir='ltr'>permittentes</span> <span class='ocrx_word' id='word_1_218' title='bbox 490 3290 697 3358; x_wconf 88' lang='lat' dir='ltr'>declaramus</span> <span class='ocrx_word' id='word_1_219' title='bbox 725 3289 794 3356; x_wconf 91' lang='lat' dir='ltr'>iure</span> <span class='ocrx_word' id='word_1_220' title='bbox 824 3297 983 3375; x_wconf 89' lang='lat' dir='ltr'>perpetuo</span> <span class='ocrx_word' id='word_1_221' title='bbox 1009 3308 1049 3358; x_wconf 91' lang='lat' dir='ltr'>ac</span> <span class='ocrx_word' id='word_1_222' title='bbox 1079 3292 1215 3376; x_wconf 88' lang='lat' dir='ltr'>pacifice</span> 
     </span>
     <span class='ocr_line' id='line_1_30' title="bbox 91 3397 1214 3486; baseline -0.001 -20"><span class='ocrx_word' id='word_1_223' title='bbox 91 3399 309 3485; x_wconf 86' lang='lat' dir='ltr'>possidendas,</span> <span class='ocrx_word' id='word_1_224' title='bbox 325 3417 390 3464; x_wconf 91' lang='lat' dir='ltr'>non</span> <span class='ocrx_word' id='word_1_225' title='bbox 408 3397 559 3464; x_wconf 86' lang='lat' dir='ltr'>obstante</span> <span class='ocrx_word' id='word_1_226' title='bbox 569 3398 784 3465; x_wconf 87' lang='lat' dir='ltr'>instrumento</span> <span class='ocrx_word' id='word_1_227' title='bbox 794 3397 906 3483; x_wconf 88' lang='lat' dir='ltr'>aliquo</span> <span class='ocrx_word' id='word_1_228' title='bbox 916 3397 971 3466; x_wconf 85' lang='lat' dir='ltr'>vel</span> <span class='ocrx_word' id='word_1_229' title='bbox 981 3398 1096 3483; x_wconf 85' lang='lat' dir='ltr'>Regali</span> <span class='ocrx_word' id='word_1_230' title='bbox 1111 3399 1214 3486; x_wconf 89' lang='lat' dir='ltr'>priui-</span> 
     </span>
     <span class='ocr_line' id='line_1_31' title="bbox 91 3504 1215 3593; baseline 0.004 -23"><span class='ocrx_word' id='word_1_231' title='bbox 91 3506 165 3590; x_wconf 81' lang='lat' dir='ltr'>legio</span> <span class='ocrx_word' id='word_1_232' title='bbox 180 3527 238 3575; x_wconf 89' lang='lat' dir='ltr'>seu</span> <span class='ocrx_word' id='word_1_233' title='bbox 254 3505 370 3590; x_wconf 84' lang='lat' dir='ltr'>aliqua</span> <span class='ocrx_word' id='word_1_234' title='bbox 386 3504 608 3588; x_wconf 80' lang='lat' dir='ltr'>qualicunque</span> <span class='ocrx_word' id='word_1_235' title='bbox 624 3504 735 3572; x_wconf 85' lang='lat' dir='ltr'>littera</span> <span class='ocrx_word' id='word_1_236' title='bbox 752 3523 815 3570; x_wconf 90' lang='lat' dir='ltr'>nno</span> <span class='ocrx_word' id='word_1_237' title='bbox 833 3505 886 3572; x_wconf 85' lang='lat' dir='ltr'>vel</span> <span class='ocrx_word' id='word_1_238' title='bbox 902 3525 968 3572; x_wconf 87' lang='lat' dir='ltr'>uua</span> <span class='ocrx_word' id='word_1_239' title='bbox 981 3527 1038 3573; x_wconf 89' lang='lat' dir='ltr'>seu</span> <span class='ocrx_word' id='word_1_240' title='bbox 1054 3508 1215 3593; x_wconf 90' lang='lat' dir='ltr'>pluribus,</span> 
     </span>
     <span class='ocr_line' id='line_1_32' title="bbox 90 3610 1217 3698; baseline 0.003 -18"><span class='ocrx_word' id='word_1_241' title='bbox 90 3631 145 3698; x_wconf 86' lang='lat' dir='ltr'>quc</span> <span class='ocrx_word' id='word_1_242' title='bbox 173 3615 225 3682; x_wconf 83' lang='lat' dir='ltr'>uel</span> <span class='ocrx_word' id='word_1_243' title='bbox 242 3633 328 3697; x_wconf 88' lang='lat' dir='ltr'>quas</span> <span class='ocrx_word' id='word_1_244' title='bbox 360 3611 537 3681; x_wconf 81' lang='lat' dir='ltr'>Commune</span> <span class='ocrx_word' id='word_1_245' title='bbox 561 3632 620 3682; x_wconf 89' lang='lat' dir='ltr'>seu</span> <span class='ocrx_word' id='word_1_246' title='bbox 637 3612 783 3680; x_wconf 89' lang='lat' dir='ltr'>homines</span> <span class='ocrx_word' id='word_1_247' title='bbox 799 3610 842 3679; x_wconf 92' lang='lat' dir='ltr'>dc</span> <span class='ocrx_word' id='word_1_248' title='bbox 857 3613 1016 3696; x_wconf 83' lang='lat' dir='ltr'>Tragurio</span> <span class='ocrx_word' id='word_1_249' title='bbox 1035 3617 1217 3683; x_wconf 88' lang='lat' dir='ltr'>obtinerent</span> 
     </span>
     <span class='ocr_line' id='line_1_33' title="bbox 89 3718 1216 3809; baseline 0.004 -25"><span class='ocrx_word' id='word_1_250' title='bbox 89 3722 135 3786; x_wconf 81' lang='lat' dir='ltr'>vel</span> <span class='ocrx_word' id='word_1_251' title='bbox 149 3721 271 3788; x_wconf 85' lang='lat' dir='ltr'>babent</span> <span class='ocrx_word' id='word_1_252' title='bbox 287 3741 416 3807; x_wconf 86' lang='lat' dir='ltr'>quoquo</span> <span class='ocrx_word' id='word_1_253' title='bbox 437 3721 533 3789; x_wconf 92' lang='lat' dir='ltr'>modo</span> <span class='ocrx_word' id='word_1_254' title='bbox 549 3722 591 3788; x_wconf 89' lang='lat' dir='ltr'>dc</span> <span class='ocrx_word' id='word_1_255' title='bbox 622 3719 884 3807; x_wconf 89' lang='lat' dir='ltr'>possessionibus</span> <span class='ocrx_word' id='word_1_256' title='bbox 916 3718 1121 3809; x_wconf 86' lang='lat' dir='ltr'>supradictis,</span> <span class='ocrx_word' id='word_1_257' title='bbox 1152 3741 1216 3808; x_wconf 88' lang='lat' dir='ltr'>que</span> 
     </span>
    </p>
   </div>
   <div class='ocr_carea' id='block_1_10' title="bbox 13 3824 1217 3914">
    <p class='ocr_par' dir='ltr' id='par_1_10' title="bbox 13 3824 1217 3914">
     <span class='ocr_line' id='line_1_34' title="bbox 13 3824 1217 3914; baseline 0.003 -22"><span class='ocrx_word' id='word_1_258' title='bbox 13 3889 17 3905; x_wconf 64' lang='lat'>,</span> <span class='ocrx_word' id='word_1_259' title='bbox 93 3829 304 3897; x_wconf 88' lang='lat' dir='ltr'>iustrumenta</span> <span class='ocrx_word' id='word_1_260' title='bbox 336 3824 398 3914; x_wconf 88' lang='lat' dir='ltr'>(et)</span> <span class='ocrx_word' id='word_1_261' title='bbox 429 3828 616 3914; x_wconf 83' lang='lat' dir='ltr'>priuilegia,</span> <span class='ocrx_word' id='word_1_262' title='bbox 648 3828 677 3894; x_wconf 92' lang='lat' dir='ltr'>si</span> <span class='ocrx_word' id='word_1_263' title='bbox 715 3846 780 3910; x_wconf 84' lang='lat' dir='ltr'>qua</span> <span class='ocrx_word' id='word_1_264' title='bbox 817 3827 871 3894; x_wconf 83' lang='lat' dir='ltr'>vel</span> <span class='ocrx_word' id='word_1_265' title='bbox 911 3829 940 3894; x_wconf 90' lang='lat' dir='ltr'>si</span> <span class='ocrx_word' id='word_1_266' title='bbox 981 3846 1045 3911; x_wconf 87' lang='lat' dir='ltr'>qne</span> <span class='ocrx_word' id='word_1_267' title='bbox 1078 3827 1217 3896; x_wconf 89' lang='lat' dir='ltr'>ulterius</span> 
     </span>
    </p>
   </div>
   <div class='ocr_carea' id='block_1_11' title="bbox 13 3907 20 3978">
    <p class='ocr_par' dir='ltr' id='par_1_11' title="bbox 13 3907 20 3978">
     <span class='ocr_line' id='line_1_35' title="bbox 13 3907 20 3978; baseline 0 0"><span class='ocrx_word' id='word_1_268' title='bbox 13 3907 20 3978; x_wconf 82' lang='lat' dir='ltr'>l</span> 
     </span>
    </p>
   </div>
   <div class='ocr_carea' id='block_1_12' title="bbox 13 4049 21 4209">
    <p class='ocr_par' dir='ltr' id='par_1_12' title="bbox 13 4049 21 4209">
     <span class='ocr_line' id='line_1_36' title="bbox 13 4049 21 4209; baseline 0 0"><span class='ocrx_word' id='word_1_269' title='bbox 13 4049 21 4209; x_wconf 84' lang='lat' dir='ltr'>l</span> 
     </span>
    </p>
   </div>
   <div class='ocr_carea' id='block_1_13' title="bbox 13 4209 17 4300">
    <p class='ocr_par' dir='ltr' id='par_1_13' title="bbox 13 4209 17 4300">
     <span class='ocr_line' id='line_1_37' title="bbox 13 4209 17 4300; baseline 0 0"><span class='ocrx_word' id='word_1_270' title='bbox 13 4209 17 4300; x_wconf 87' lang='lat' dir='ltr'>l</span> 
     </span>
    </p>
   </div>
   <div class='ocr_carea' id='block_1_14' title="bbox 13 3933 1218 4048">
    <p class='ocr_par' dir='ltr' id='par_1_14' title="bbox 13 3933 1218 4048">
     <span class='ocr_line' id='line_1_38' title="bbox 13 3933 1218 4048; baseline -0.001 -46"><span class='ocrx_word' id='word_1_271' title='bbox 13 3981 20 4048; x_wconf 58' lang='lat'>,</span> <span class='ocrx_word' id='word_1_272' title='bbox 92 3943 290 4022; x_wconf 84' lang='lat' dir='ltr'>apparerent,</span> <span class='ocrx_word' id='word_1_273' title='bbox 323 3937 433 4002; x_wconf 88' lang='lat' dir='ltr'>omnia</span> <span class='ocrx_word' id='word_1_274' title='bbox 460 3935 647 4021; x_wconf 68' lang='lat' dir='ltr'>stringam,</span> <span class='ocrx_word' id='word_1_275' title='bbox 674 3935 746 4002; x_wconf 86' lang='lat' dir='ltr'>siue</span> <span class='ocrx_word' id='word_1_276' title='bbox 776 3953 889 4002; x_wconf 85' lang='lat' dir='ltr'>omues</span> <span class='ocrx_word' id='word_1_277' title='bbox 904 3940 937 4001; x_wconf 90' lang='lat' dir='ltr'>et</span> <span class='ocrx_word' id='word_1_278' title='bbox 951 3933 1098 4018; x_wconf 81' lang='lat' dir='ltr'>singulas</span> <span class='ocrx_word' id='word_1_279' title='bbox 1122 3954 1218 4004; x_wconf 88' lang='lat' dir='ltr'>cassa</span> 
     </span>
    </p>
   </div>
   <div class='ocr_carea' id='block_1_15' title="bbox 90 4041 1220 4238">
    <p class='ocr_par' dir='ltr' id='par_1_15' title="bbox 90 4041 1220 4238">
     <span class='ocr_line' id='line_1_39' title="bbox 90 4041 1220 4132; baseline -0.003 -20"><span class='ocrx_word' id='word_1_280' title='bbox 90 4049 117 4112; x_wconf 88' lang='lat' dir='ltr'>et</span> <span class='ocrx_word' id='word_1_281' title='bbox 152 4065 275 4132; x_wconf 81' lang='lat' dir='ltr'>cassas,</span> <span class='ocrx_word' id='word_1_282' title='bbox 313 4042 408 4111; x_wconf 85' lang='lat' dir='ltr'>irrita</span> <span class='ocrx_word' id='word_1_283' title='bbox 438 4047 470 4111; x_wconf 90' lang='lat' dir='ltr'>et</span> <span class='ocrx_word' id='word_1_284' title='bbox 500 4044 621 4128; x_wconf 73' lang='lat' dir='ltr'>butas,</span> <span class='ocrx_word' id='word_1_285' title='bbox 656 4051 691 4111; x_wconf 90' lang='lat' dir='ltr'>et</span> <span class='ocrx_word' id='word_1_286' title='bbox 722 4043 835 4110; x_wconf 88' lang='lat' dir='ltr'>inania</span> <span class='ocrx_word' id='word_1_287' title='bbox 866 4063 907 4109; x_wconf 89' lang='lat' dir='ltr'>ac</span> <span class='ocrx_word' id='word_1_288' title='bbox 936 4041 1051 4108; x_wconf 86' lang='lat' dir='ltr'>inanes</span> <span class='ocrx_word' id='word_1_289' title='bbox 1081 4041 1220 4110; x_wconf 87' lang='lat' dir='ltr'>nullius·-</span> 
     </span>
     <span class='ocr_line' id='line_1_40' title="bbox 90 4147 1217 4238; baseline -0.001 -22"><span class='ocrx_word' id='word_1_290' title='bbox 90 4171 146 4235; x_wconf 89' lang='lat' dir='ltr'>qne</span> <span class='ocrx_word' id='word_1_291' title='bbox 161 4153 295 4238; x_wconf 80' lang='lat' dir='ltr'>vigoris,</span> <span class='ocrx_word' id='word_1_292' title='bbox 317 4151 442 4218; x_wconf 87' lang='lat' dir='ltr'>roboris</span> <span class='ocrx_word' id='word_1_293' title='bbox 458 4157 490 4218; x_wconf 88' lang='lat' dir='ltr'>et</span> <span class='ocrx_word' id='word_1_294' title='bbox 520 4149 642 4219; x_wconf 83' lang='lat' dir='ltr'>valoris</span> <span class='ocrx_word' id='word_1_295' title='bbox 676 4150 830 4236; x_wconf 88' lang='lat' dir='ltr'>deinceps</span> <span class='ocrx_word' id='word_1_296' title='bbox 862 4147 895 4214; x_wconf 88' lang='lat' dir='ltr'>iu</span> <span class='ocrx_word' id='word_1_297' title='bbox 926 4153 1115 4236; x_wconf 87' lang='lat' dir='ltr'>perpetuum</span> <span class='ocrx_word' id='word_1_298' title='bbox 1146 4151 1217 4216; x_wconf 88' lang='lat' dir='ltr'>fore</span> 
     </span>
    </p>
   </div>
   <div class='ocr_carea' id='block_1_16' title="bbox 91 4255 1347 4346">
    <p class='ocr_par' dir='ltr' id='par_1_16' title="bbox 91 4255 1347 4346">
     <span class='ocr_line' id='line_1_41' title="bbox 91 4255 1347 4346; baseline 0 -20"><span class='ocrx_word' id='word_1_299' title='bbox 91 4255 336 4343; x_wconf 82' lang='lat' dir='ltr'>pronunciamus</span> <span class='ocrx_word' id='word_1_300' title='bbox 377 4265 477 4345; x_wconf 81' lang='lat' dir='ltr'>atque</span> <span class='ocrx_word' id='word_1_301' title='bbox 516 4257 690 4326; x_wconf 79' lang='lat' dir='ltr'>diffinitinc</span> <span class='ocrx_word' id='word_1_302' title='bbox 727 4257 977 4326; x_wconf 85' lang='lat' dir='ltr'>sentenciamus</span> <span class='ocrx_word' id='word_1_303' title='bbox 1008 4256 1155 4326; x_wconf 90' lang='lat' dir='ltr'>Dicimus</span> <span class='ocrx_word' id='word_1_304' title='bbox 1177 4265 1219 4346; x_wconf 79' lang='lat' dir='ltr'>¹ot</span> <span class='ocrx_word' id='word_1_305' title='bbox 1345 4337 1347 4340; x_wconf 41' lang='grc'><strong>,</strong></span> 
     </span>
    </p>
   </div>
   <div class='ocr_carea' id='block_1_17' title="bbox 13 4363 1225 4668">
    <p class='ocr_par' dir='ltr' id='par_1_17' title="bbox 13 4363 1225 4686">
     <span class='ocr_line' id='line_1_42' title="bbox 93 4363 1225 4451; baseline -0.002 -17.132"><span class='ocrx_word' id='word_1_306' title='bbox 93 4367 228 4435; x_wconf 86' lang='lat' dir='ltr'>secundo</span> <span class='ocrx_word' id='word_1_307' title='bbox 260 4365 435 4436; x_wconf 80' lang='lat' dir='ltr'>difinitiuc</span> <span class='ocrx_word' id='word_1_308' title='bbox 454 4366 701 4451; x_wconf 87' lang='lat' dir='ltr'>sentenciaudo,</span> <span class='ocrx_word' id='word_1_309' title='bbox 734 4364 821 4451; x_wconf 87' lang='lat' dir='ltr'>quod</span> <span class='ocrx_word' id='word_1_310' title='bbox 850 4384 963 4433; x_wconf 87' lang='lat' dir='ltr'>omnes</span> <span class='ocrx_word' id='word_1_311' title='bbox 994 4363 1225 4451; x_wconf 81' lang='lat' dir='ltr'>possessiones</span> 
     </span>
     <span class='ocr_line' id='line_1_43' title="bbox 13 4455 1225 4564; baseline 0.002 -26"><span class='ocrx_word' id='word_1_312' title='bbox 13 4455 17 4538; x_wconf 77' lang='lat' dir='ltr'>l</span> <span class='ocrx_word' id='word_1_313' title='bbox 92 4474 274 4559; x_wconf 85' lang='lat' dir='ltr'>specialium</span> <span class='ocrx_word' id='word_1_314' title='bbox 304 4474 473 4542; x_wconf 89' lang='lat' dir='ltr'>bominum</span> <span class='ocrx_word' id='word_1_315' title='bbox 503 4476 640 4564; x_wconf 87' lang='lat' dir='ltr'>Spalati,</span> <span class='ocrx_word' id='word_1_316' title='bbox 672 4494 735 4558; x_wconf 87' lang='lat' dir='ltr'>que</span> <span class='ocrx_word' id='word_1_317' title='bbox 751 4479 827 4542; x_wconf 89' lang='lat' dir='ltr'>sunt</span> <span class='ocrx_word' id='word_1_318' title='bbox 842 4494 863 4540; x_wconf 90' lang='lat' dir='ltr'>a</span> <span class='ocrx_word' id='word_1_319' title='bbox 879 4475 1030 4541; x_wconf 88' lang='lat' dir='ltr'>columna</span> <span class='ocrx_word' id='word_1_320' title='bbox 1053 4492 1110 4540; x_wconf 92' lang='lat' dir='ltr'>seu</span> <span class='ocrx_word' id='word_1_321' title='bbox 1131 4477 1225 4541; x_wconf 79' lang='lat' dir='ltr'>metu</span> 
     </span>
     <span class='ocr_line' id='line_1_44' title="bbox 13 4563 1220 4668; baseline 0.002 -23"><span class='ocrx_word' id='word_1_322' title='bbox 13 4563 21 4658; x_wconf 66' lang='lat' dir='ltr'>l,</span> <span class='ocrx_word' id='word_1_323' title='bbox 93 4577 236 4664; x_wconf 86' lang='lat' dir='ltr'>predicta</span> <span class='ocrx_word' id='word_1_324' title='bbox 251 4579 338 4647; x_wconf 85' lang='lat' dir='ltr'>infra</span> <span class='ocrx_word' id='word_1_325' title='bbox 353 4600 466 4650; x_wconf 80' lang='lat' dir='ltr'>uersus</span> <span class='ocrx_word' id='word_1_326' title='bbox 483 4583 677 4668; x_wconf 69' lang='lat' dir='ltr'>dragurium</span> <span class='ocrx_word' id='word_1_327' title='bbox 694 4587 728 4651; x_wconf 85' lang='lat' dir='ltr'>et</span> <span class='ocrx_word' id='word_1_328' title='bbox 742 4582 777 4648; x_wconf 89' lang='lat' dir='ltr'>in</span> <span class='ocrx_word' id='word_1_329' title='bbox 794 4579 935 4649; x_wconf 64' lang='lat' dir='ltr'>Ciuitate</span> <span class='ocrx_word' id='word_1_330' title='bbox 959 4579 1110 4668; x_wconf 76' lang='lat' dir='ltr'>Tragurij</span> <span class='ocrx_word' id='word_1_331' title='bbox 1140 4579 1220 4648; x_wconf 81' lang='lat' dir='ltr'>date</span> 
     </span>
    </p>
   </div>
   <div class='ocr_carea' id='block_1_18' title="bbox 13 4717 15 4758">
    <p class='ocr_par' dir='ltr' id='par_1_18' title="bbox 13 4717 15 4758">
     <span class='ocr_line' id='line_1_45' title="bbox 13 4717 15 4728; baseline 0 0"><span class='ocrx_word' id='word_1_332' title='bbox 13 4717 15 4728; x_wconf 80' lang='lat' dir='ltr'>t</span> 
     </span>
     <span class='ocr_line' id='line_1_46' title="bbox 13 4737 15 4744; baseline 0 0"><span class='ocrx_word' id='word_1_333' title='bbox 13 4737 15 4744; x_wconf 59' lang='lat' dir='ltr'>c</span> 
     </span>
     <span class='ocr_line' id='line_1_47' title="bbox 13 4747 15 4758; baseline 0 0"><span class='ocrx_word' id='word_1_334' title='bbox 13 4747 15 4758; x_wconf 90' lang='grc' dir='ltr'>Ι</span> 
     </span>
    </p>
   </div>
   <div class='ocr_carea' id='block_1_19' title="bbox 13 4939 37 5198">
    <p class='ocr_par' dir='ltr' id='par_1_19' title="bbox 13 4939 37 5198">
     <span class='ocr_line' id='line_1_48' title="bbox 13 4939 37 5198; baseline 0 0"><span class='ocrx_word' id='word_1_335' title='bbox 13 4939 37 5198; x_wconf 88' lang='lat' dir='ltr'>l</span> 
     </span>
    </p>
   </div>
   <div class='ocr_carea' id='block_1_20' title="bbox 200 4689 1111 4758">
    <p class='ocr_par' dir='ltr' id='par_1_20' title="bbox 200 4689 1111 4758">
     <span class='ocr_line' id='line_1_49' title="bbox 200 4689 1111 4758; baseline 0.005 -7"><span class='ocrx_word' id='word_1_336' title='bbox 200 4715 303 4757; x_wconf 70' lang='lat' dir='ltr'>nonu.</span> <span class='ocrx_word' id='word_1_337' title='bbox 320 4717 403 4757; x_wconf 79' lang='lat' dir='ltr'>nuru.</span> <span class='ocrx_word' id='word_1_338' title='bbox 419 4717 489 4757; x_wconf 81' lang='lat' dir='ltr'>arur.</span> <span class='ocrx_word' id='word_1_339' title='bbox 507 4727 546 4739; x_wconf 92' lang='lat'><em>-</em></span> <span class='ocrx_word' id='word_1_340' title='bbox 564 4718 637 4758; x_wconf 84' lang='lat' dir='ltr'>nuru.</span> <span class='ocrx_word' id='word_1_341' title='bbox 653 4717 722 4758; x_wconf 82' lang='lat' dir='ltr'>mr.</span> <span class='ocrx_word' id='word_1_342' title='bbox 1070 4689 1111 4758; x_wconf 85' lang='lat'>15</span> 
     </span>
    </p>
   </div>
   <div class='ocr_carea' id='block_1_21' title="bbox 0 0 1586 5200">
    <p class='ocr_par' dir='ltr' id='par_1_21' title="bbox 0 0 1586 5200">
     <span class='ocr_line' id='line_1_50' title="bbox 0 0 1586 5200; baseline 0 0"><span class='ocrx_word' id='word_1_343' title='bbox 0 0 1586 5200; x_wconf 95' lang='lat' dir='ltr'> </span> 
     </span>
    </p>
   </div>
  </div>
 </body>
</html>
