3160 5200
811 395 970 498 Qa-

329 617 425 680 rans;
450 614 543 662 suum
561 591 781 661 hominemad
811 611 871 658 ros
901 591 1090 670 transmisit,
1122 597 1238 678 petens
1269 601 1303 659 ct
1332 613 1454 677 rogans

332 723 391 770 uos
422 699 667 787 instantissime,
697 709 734 767 ut
763 707 908 768 nostrum
932 700 1096 766 homiuem
1113 699 1155 767 ad
1172 701 1280 786 ipsum
1298 701 1458 768 transmit

330 819 481 898 tenemus,
497 828 606 876 eorem
634 829 697 894 quo
714 828 807 876 suum
823 806 976 877 conderet
999 817 1238 879 testamentum.
1270 811 1340 876 Nos
1373 810 1459 877 enim

330 917 439 1001 dignis
455 924 487 984 et
503 919 598 984 iustis
614 915 828 1002 peticionibus
854 916 997 984 eiusdem
1013 915 1173 999 inclinati,
1190 937 1289 985 uuum
1306 937 1346 982 ex
1364 918 1459 985 nobis

330 1026 434 1094 uirum
474 1023 635 1112 ydoneum
667 1031 701 1092 et
731 1022 859 1091 fidelem
899 1024 1051 1092 duximus
1076 1024 1372 1111 transmittendum,
1403 1024 1458 1109 qui

331 1141 405 1222 post
435 1134 494 1199 hec
524 1132 567 1199 ad
583 1152 644 1199 nos
673 1151 744 1199 cum
775 1132 970 1200 Leustechio
1001 1139 1034 1199 et
1065 1133 1158 1200 Petro
1188 1132 1268 1219 filijs
1298 1131 1458 1219 Stephani

329 1241 489 1310 nobilibus
521 1239 562 1306 de
593 1238 739 1326 predicta
772 1238 851 1306 villa
883 1239 1044 1307 Ghuulrud
1082 1239 1212 1308 rediens
1242 1239 1333 1324 dixit,
1366 1240 1455 1324 quod

328 1352 486 1418 Martinus
515 1347 599 1416 lilius
631 1347 733 1438 Poka,
765 1369 837 1418 curn
870 1351 904 1417 in
935 1350 1089 1416 extremis
1131 1350 1306 1432 laboraret,
1347 1347 1458 1416 adhuc

329 1471 437 1529 tamen
452 1461 535 1526 bene
551 1476 682 1544 compos
701 1457 765 1526 tuit
781 1460 913 1545 mentis,
930 1477 1039 1526 coram
1057 1457 1128 1543 ipso
1160 1458 1229 1524 tale
1259 1454 1460 1525 condidisset

327 1575 556 1638 testamentum
574 1565 692 1644 :Quod
724 1567 803 1652 quia
834 1566 906 1652 ipse
932 1567 1085 1634 heredum
1102 1565 1224 1634 solacio
1240 1573 1380 1652 careret,
1398 1585 1459 1634 nee

329 1686 435 1764 preter
450 1675 681 1744 Laustaohium
714 1683 746 1742 et
777 1673 907 1742 Petrum
941 1680 1128 1761 prenotatos
1158 1674 1243 1741 adeo
1274 1674 1459 1759 proximum

329 1787 468 1868 baberet,
498 1785 555 1868 qui
586 1802 646 1851 nec
677 1803 787 1851 curam
819 1803 878 1852 sue
894 1783 1013 1872 anime,
1033 1803 1094 1852 neo
1108 1781 1251 1850 tiliarum
1268 1803 1403 1851 suarum
1420 1804 1463 1851 ac

328 1893 439 1961 uxoris
454 1897 579 1977 gereret
594 1897 651 1958 aut
666 1911 780 1975 gerere
805 1891 956 1977 deberet3
981 1910 1091 1959 omnes
1123 1891 1349 1978 possessiones
1379 1910 1460 1958 suas

330 2010 398 2069 tam
429 2001 462 2066 in
494 2001 588 2067 terris
620 2019 716 2085 qnam
747 1999 899 2068 niueiset
914 1999 1032 2067 tenetis
1048 2000 1082 2066 in
1098 1997 1262 2066 Shunhud
1279 1999 1460 2068 sustentes

329 2107 427 2196 dedit,
444 2108 582 2175 contulit
598 2116 629 2175 et
643 2107 766 2192 legauit
781 2109 974 2177 Iousmchio
991 2115 1023 2176 et
1055 2109 1147 2176 Petro
1177 2108 1356 2192 prenotatis
1388 2126 1460 2192 per·

329 2224 426 2304 petuo
440 2215 669 2303 possidendas,
687 2218 958 2301 preterquiutam
971 2237 1030 2285 seu
1045 2216 1232 2302 porcionem
1247 2215 1281 2282 iu
1299 2215 1459 2300 predictis

329 2323 590 2410 possessionibus
605 2323 736 2391 domiue
751 2323 847 2392 uxori
862 2345 920 2392 sue
951 2325 1101 2392 collatam
1134 2333 1166 2392 et
1195 2323 1350 2409 legatam,
1382 2325 1461 2410 ipsa

329 2431 460 2497 domina
490 2437 700 2514 acceptante;
724 2451 820 2514 quam
852 2431 981 2518 quidem
1022 2433 1166 2515 quintam
1197 2437 1323 2516 partem
1356 2429 1459 2515 ijdem

327 2536 541 2605 Leuatachius
556 2544 588 2606 ot
603 2539 726 2623 Petrus,
759 2537 788 2605 si
818 2537 979 2607 redimere
1021 2537 1182 2614 noluerint
1212 2545 1245 2604 et
1277 2538 1457 2624 noluerint,

328 2644 402 2731 ipsa
432 2643 564 2713 domina
594 2647 769 2715 maritante
799 2649 850 2716 uel
881 2650 924 2715 ab
955 2649 1002 2716 eis
1033 2668 1068 2715 se
1083 2647 1277 2734 retrahente,
1309 2649 1459 2734 quinque

329 2755 448 2823 marcis
464 2755 624 2824 rediment
640 2758 683 2824 ab
715 2755 846 2837 sadem3
869 2756 1035 2842 predictas
1066 2756 1168 2823 eciam
1200 2763 1338 2841 quatuor
1369 2757 1459 2826 filias

327 2881 405 2929 suas
436 2882 476 2931 ac
508 2883 639 2932 uxorem
670 2863 832 2933 commisit
862 2865 1056 2934 Leuslacbio
1081 2869 1113 2931 et
1127 2864 1222 2932 Petro
1238 2864 1281 2930 de
1297 2863 1457 2933 fructibus

327 2975 359 3035 et
389 2969 585 3039 utilitatibus
616 2971 854 3056 posscssionum
895 2971 1093 3041 nutriendas.
1132 2971 1212 3038 item
1241 2973 1458 3040 Patrouatum

327 3076 474 3145 Ecclesia
503 3078 596 3145 Beati
629 3077 762 3167 Georgij
780 3079 922 3148 martiris
937 3079 978 3148 de
1004 3078 1165 3148 Gbunknd
1182 3077 1304 3148 ebdom
1319 3082 1458 3149 Lausta-

325 3184 398 3251 chio
430 3193 464 3252 et
493 3185 587 3254 Petro
617 3184 709 3254 duxit
756 3187 995 3256 conferendum.
1036 3189 1189 3256 Preterea
1229 3187 1456 3258 uniuersorum
1537 3199 1540 3204 “

327 3291 448 3360 noticie
474 3292 622 3362 uolumus
637 3295 709 3362 fieri
725 3295 940 3381 manifestum,
957 3295 1043 3379 quod
1060 3294 1273 3363 Leustachius
1290 3301 1323 3363 et
1337 3298 1455 3364 Petrus

326 3401 383 3485 lilij
415 3399 575 3487 Stephani
606 3404 768 3489 prenotati
801 3405 1015 3472 exhibuerunt
1045 3405 1138 3474 uobis
1169 3405 1294 3472 litteras
1325 3413 1457 3474 nostras

324 3509 540 3599 memoriales,
572 3512 740 3596 inquibus
770 3510 910 3582 uidimus
936 3513 1104 3600 contineri,
1122 3512 1208 3598 quod
1224 3511 1315 3581 Poha
1329 3513 1456 3582 nobilis

327 3613 368 3680 de
384 3613 544 3683 Ohuuknd
577 3617 620 3684 ad
650 3626 800 3702 quartam
833 3628 958 3706 partem
989 3640 1130 3690 sororem
1161 3639 1266 3707 suam,
1298 3619 1455 3689 uidelicet

324 3741 457 3790 uxorem
490 3725 646 3811 Stephani
676 3726 926 3813 contingentem,
944 3728 984 3795 de
1002 3727 1261 3813 possessionibus
1277 3727 1343 3798 suis
1360 3730 1453 3796 here-

328 3829 525 3916 ditarijsue
549 3843 623 3918 posi
653 3844 787 3903 mortem
821 3839 924 3920 ipsius
955 3836 1038 3904 inter
1068 3835 1169 3904 filium
1201 3857 1293 3904 suurn
1323 3838 1456 3904 nomine

324 3939 508 4028 Martinum,
539 3961 579 4009 ao
595 3942 794 4029 Stephanum
821 3951 853 4012 et
869 3945 951 4012 lilios
968 3945 1114 4014 ciusdem
1131 3943 1287 4013 discessio
1302 3945 1454 4033 oriretur,

320 4048 480 4130 quendam
497 4049 630 4117 fundum
648 4054 734 4119 curie
761 4073 860 4137 super
891 4053 1002 4120 decern
1032 4051 1200 4148 iugeribus
1232 4053 1448 4133 adiacentem,

321 4173 418 4240 super
465 4157 628 4227 Lukutfev
668 4160 872 4247 existentem,
920 4183 959 4230 ex
992 4168 1086 4248 parte
1116 4162 1322 4230 meridionali
1353 4161 1450 4229 terris

322 4260 480 4346 Stephani
495 4265 555 4349 filij
587 4265 673 4334 Petri
708 4269 917 4356 uiciuautcm,
950 4269 1025 4337 item
1057 4289 1100 4336 ex
1131 4277 1225 4355 parte
1255 4269 1451 4338 occidentali

321 4371 413 4436 terris
445 4371 589 4441 Ecclesie
620 4375 713 4442 Beati
745 4376 907 4459 Ladialai,
938 4397 978 4443 ex
1011 4385 1104 4463 parte
1143 4383 1253 4446 autem
1285 4377 1449 4461 aquilonis

320 4478 415 4543 terris
431 4479 587 4566 Stephani
603 4481 662 4567 filij
679 4479 765 4550 Petri
783 4485 953 4569 prenotati.
972 4488 1053 4552 Item
1070 4493 1142 4552 octo
1158 4485 1275 4570 iugera
1289 4492 1448 4554 terrarum

317 4584 488 4652 arabilium
520 4589 580 4654 sub
613 4589 747 4675 Naragh
777 4611 818 4658 ex
834 4598 929 4678 parte
946 4591 1152 4660 meridionali
1168 4592 1264 4660 terris
1292 4591 1452 4677 Stephani

324 4690 402 4758 item
418 4711 459 4758 ex
475 4700 570 4777 perte
585 4695 780 4766 occidentali
797 4699 928 4785 puplice
945 4705 1057 4787 strate,
1086 4701 1128 4768 ab
1160 4699 1312 4785 aquilone
1341 4705 1452 4768 autem
