<?xml version="1.0" encoding="UTF-8"?>
<!DOCTYPE html PUBLIC "-//W3C//DTD XHTML 1.0 Transitional//EN"
    "http://www.w3.org/TR/xhtml1/DTD/xhtml1-transitional.dtd">
<html xmlns="http://www.w3.org/1999/xhtml" xml:lang="en" lang="en">
 <head>
  <title>
</title>
<meta http-equiv="Content-Type" content="text/html;charset=utf-8" />
  <meta name='ocr-system' content='tesseract 3.04.00' />
  <meta name='ocr-capabilities' content='ocr_page ocr_carea ocr_par ocr_line ocrx_word'/>
</head>
<body>
  <div class='ocr_page' id='page_1' title='image "./codexdiplomatic00wenzgoog_0588.png"; bbox 0 0 3160 5200; ppageno 0'>
   <div class='ocr_carea' id='block_1_1' title="bbox 847 241 1006 339">
    <p class='ocr_par' dir='ltr' id='par_1_1' title="bbox 847 241 1006 339">
     <span class='ocr_line' id='line_1_1' title="bbox 847 241 1006 339; baseline 0 -35"><span class='ocrx_word' id='word_1_1' title='bbox 847 241 1006 339; x_wconf 49' lang='lat'><strong>..5244</strong></span> 
     </span>
    </p>
   </div>
   <div class='ocr_carea' id='block_1_2' title="bbox 318 433 1560 3978">
    <p class='ocr_par' dir='ltr' id='par_1_2' title="bbox 318 433 1560 3978">
     <span class='ocr_line' id='line_1_2' title="bbox 363 433 1475 522; baseline 0.002 -22"><span class='ocrx_word' id='word_1_2' title='bbox 363 433 530 521; x_wconf 88' lang='lat' dir='ltr'><strong>Stepbano</strong></span> <span class='ocrx_word' id='word_1_3' title='bbox 549 442 662 505; x_wconf 88' lang='lat' dir='ltr'><strong>vocato</strong></span> <span class='ocrx_word' id='word_1_4' title='bbox 679 443 712 503; x_wconf 88' lang='lat' dir='ltr'><strong>et</strong></span> <span class='ocrx_word' id='word_1_5' title='bbox 729 459 801 506; x_wconf 89' lang='lat' dir='ltr'><strong>cum</strong></span> <span class='ocrx_word' id='word_1_6' title='bbox 818 437 974 522; x_wconf 85' lang='lat' dir='ltr'><strong>Magistro</strong></span> <span class='ocrx_word' id='word_1_7' title='bbox 990 437 1067 504; x_wconf 87' lang='lat' dir='ltr'><strong>Jula</strong></span> <span class='ocrx_word' id='word_1_8' title='bbox 1098 435 1164 504; x_wconf 91' lang='lat' dir='ltr'><strong>filio</strong></span> <span class='ocrx_word' id='word_1_9' title='bbox 1194 436 1329 505; x_wconf 74' lang='lat' dir='ltr'><strong>demitis</strong></span> <span class='ocrx_word' id='word_1_10' title='bbox 1358 435 1475 504; x_wconf 82' lang='lat' dir='ltr'><strong>Nicolai</strong></span> 
     </span>
     <span class='ocr_line' id='line_1_3' title="bbox 361 543 1477 633; baseline 0.003 -25"><span class='ocrx_word' id='word_1_11' title='bbox 361 543 403 608; x_wconf 91' lang='lat' dir='ltr'><strong>de</strong></span> <span class='ocrx_word' id='word_1_12' title='bbox 417 545 633 628; x_wconf 87' lang='lat' dir='ltr'><strong>generaciene</strong></span> <span class='ocrx_word' id='word_1_13' title='bbox 649 565 710 614; x_wconf 89' lang='lat' dir='ltr'><strong>sua</strong></span> <span class='ocrx_word' id='word_1_14' title='bbox 726 546 941 633; x_wconf 75' lang='lat' dir='ltr'><strong>personaliter</strong></span> <span class='ocrx_word' id='word_1_15' title='bbox 958 545 991 612; x_wconf 92' lang='lat' dir='ltr'><strong>in</strong></span> <span class='ocrx_word' id='word_1_16' title='bbox 1009 547 1110 614; x_wconf 88' lang='lat' dir='ltr'><strong>nostri</strong></span> <span class='ocrx_word' id='word_1_17' title='bbox 1139 546 1312 631; x_wconf 74' lang='lat' dir='ltr'><strong>presencia</strong></span> <span class='ocrx_word' id='word_1_18' title='bbox 1336 545 1477 612; x_wconf 89' lang='lat' dir='ltr'><strong>constitn-</strong></span> 
     </span>
     <span class='ocr_line' id='line_1_4' title="bbox 363 650 1477 736; baseline -0.001 -19"><span class='ocrx_word' id='word_1_19' title='bbox 363 659 417 718; x_wconf 88' lang='lat' dir='ltr'><strong>tus</strong></span> <span class='ocrx_word' id='word_1_20' title='bbox 434 650 597 733; x_wconf 81' lang='lat' dir='ltr'><strong>quandem</strong></span> <span class='ocrx_word' id='word_1_21' title='bbox 615 661 733 720; x_wconf 84' lang='lat' dir='ltr'><strong>terram</strong></span> <span class='ocrx_word' id='word_1_22' title='bbox 750 671 842 722; x_wconf 88' lang='lat' dir='ltr'><strong>suam</strong></span> <span class='ocrx_word' id='word_1_23' title='bbox 858 652 942 736; x_wconf 86' lang='lat' dir='ltr'><strong>Weg</strong></span> <span class='ocrx_word' id='word_1_24' title='bbox 959 659 1109 721; x_wconf 82' lang='lat' dir='ltr'><strong>uocatam</strong></span> <span class='ocrx_word' id='word_1_25' title='bbox 1125 652 1159 719; x_wconf 92' lang='lat' dir='ltr'><strong>in</strong></span> <span class='ocrx_word' id='word_1_26' title='bbox 1175 653 1339 722; x_wconf 83' lang='lat' dir='ltr'><strong>Comitatu</strong></span> <span class='ocrx_word' id='word_1_27' title='bbox 1355 653 1396 718; x_wconf 93' lang='lat' dir='ltr'><strong>de</strong></span> <span class='ocrx_word' id='word_1_28' title='bbox 1423 651 1477 717; x_wconf 88' lang='lat' dir='ltr'><strong>Bc·</strong></span> 
     </span>
     <span class='ocr_line' id='line_1_5' title="bbox 361 759 1479 848; baseline 0.002 -24"><span class='ocrx_word' id='word_1_29' title='bbox 361 778 443 826; x_wconf 89' lang='lat' dir='ltr'><strong>rona</strong></span> <span class='ocrx_word' id='word_1_30' title='bbox 457 761 491 826; x_wconf 90' lang='lat' dir='ltr'><strong>in</strong></span> <span class='ocrx_word' id='word_1_31' title='bbox 508 779 571 827; x_wconf 85' lang='lat' dir='ltr'><strong>vno</strong></span> <span class='ocrx_word' id='word_1_32' title='bbox 587 759 710 828; x_wconf 86' lang='lat' dir='ltr'><strong>ambitu</strong></span> <span class='ocrx_word' id='word_1_33' title='bbox 726 762 890 842; x_wconf 86' lang='lat' dir='ltr'><strong>situatam,</strong></span> <span class='ocrx_word' id='word_1_34' title='bbox 907 779 980 828; x_wconf 90' lang='lat' dir='ltr'><strong>cum</strong></span> <span class='ocrx_word' id='word_1_35' title='bbox 996 761 1103 848; x_wconf 87' lang='lat' dir='ltr'><strong>pratis</strong></span> <span class='ocrx_word' id='word_1_36' title='bbox 1119 767 1152 827; x_wconf 86' lang='lat' dir='ltr'><strong>et</strong></span> <span class='ocrx_word' id='word_1_37' title='bbox 1176 760 1270 829; x_wconf 89' lang='lat' dir='ltr'><strong>terris</strong></span> <span class='ocrx_word' id='word_1_38' title='bbox 1303 761 1479 844; x_wconf 86' lang='lat' dir='ltr'><strong>campestri-</strong></span> 
     </span>
     <span class='ocr_line' id='line_1_6' title="bbox 364 866 1476 955; baseline -0.001 -22"><span class='ocrx_word' id='word_1_39' title='bbox 364 870 422 934; x_wconf 90' lang='lat' dir='ltr'><strong>bus</strong></span> <span class='ocrx_word' id='word_1_40' title='bbox 440 866 492 934; x_wconf 89' lang='lat' dir='ltr'><strong>vel</strong></span> <span class='ocrx_word' id='word_1_41' title='bbox 507 867 700 955; x_wconf 72' lang='lat' dir='ltr'><strong>arabilibus,</strong></span> <span class='ocrx_word' id='word_1_42' title='bbox 731 868 817 935; x_wconf 89' lang='lat' dir='ltr'><strong>sieut</strong></span> <span class='ocrx_word' id='word_1_43' title='bbox 833 889 873 936; x_wconf 85' lang='lat' dir='ltr'><strong>ex</strong></span> <span class='ocrx_word' id='word_1_44' title='bbox 889 868 960 937; x_wconf 90' lang='lat' dir='ltr'><strong>nisu</strong></span> <span class='ocrx_word' id='word_1_45' title='bbox 977 867 1178 936; x_wconf 88' lang='lat' dir='ltr'><strong>considerari</strong></span> <span class='ocrx_word' id='word_1_46' title='bbox 1193 866 1302 954; x_wconf 85' lang='lat' dir='ltr'><strong>datur,</strong></span> <span class='ocrx_word' id='word_1_47' title='bbox 1335 867 1380 935; x_wconf 84' lang='lat' dir='ltr'><strong>ad</strong></span> <span class='ocrx_word' id='word_1_48' title='bbox 1395 887 1476 936; x_wconf 87' lang='lat' dir='ltr'><strong>usum</strong></span> 
     </span>
     <span class='ocr_line' id='line_1_7' title="bbox 361 973 1478 1062; baseline -0.003 -20"><span class='ocrx_word' id='word_1_49' title='bbox 361 981 484 1060; x_wconf 88' lang='lat' dir='ltr'><strong>septem</strong></span> <span class='ocrx_word' id='word_1_50' title='bbox 501 981 682 1042; x_wconf 82' lang='lat' dir='ltr'><strong>aratrorum</strong></span> <span class='ocrx_word' id='word_1_51' title='bbox 699 975 925 1062; x_wconf 86' lang='lat' dir='ltr'><strong>sufficientem,</strong></span> <span class='ocrx_word' id='word_1_52' title='bbox 949 976 1047 1044; x_wconf 88' lang='lat' dir='ltr'><strong>certis</strong></span> <span class='ocrx_word' id='word_1_53' title='bbox 1074 976 1169 1044; x_wconf 88' lang='lat' dir='ltr'><strong>metis</strong></span> <span class='ocrx_word' id='word_1_54' title='bbox 1185 984 1217 1043; x_wconf 91' lang='lat' dir='ltr'><strong>et</strong></span> <span class='ocrx_word' id='word_1_55' title='bbox 1232 975 1382 1044; x_wconf 88' lang='lat' dir='ltr'><strong>terminis</strong></span> <span class='ocrx_word' id='word_1_56' title='bbox 1398 973 1478 1042; x_wconf 78' lang='lat' dir='ltr'><strong>undi-</strong></span> 
     </span>
     <span class='ocr_line' id='line_1_8' title="bbox 360 1081 1479 1171; baseline -0.003 -21"><span class='ocrx_word' id='word_1_57' title='bbox 360 1103 423 1168; x_wconf 87' lang='lat' dir='ltr'><strong>que</strong></span> <span class='ocrx_word' id='word_1_58' title='bbox 439 1081 673 1152; x_wconf 88' lang='lat' dir='ltr'><strong>circumdatam</strong></span> <span class='ocrx_word' id='word_1_59' title='bbox 689 1091 723 1150; x_wconf 85' lang='lat' dir='ltr'><strong>et</strong></span> <span class='ocrx_word' id='word_1_60' title='bbox 738 1083 903 1167; x_wconf 88' lang='lat' dir='ltr'><strong>uallatam,</strong></span> <span class='ocrx_word' id='word_1_61' title='bbox 918 1083 1004 1151; x_wconf 86' lang='lat' dir='ltr'><strong>sieut</strong></span> <span class='ocrx_word' id='word_1_62' title='bbox 1019 1083 1084 1150; x_wconf 87' lang='lat' dir='ltr'><strong>iarn</strong></span> <span class='ocrx_word' id='word_1_63' title='bbox 1100 1083 1308 1171; x_wconf 84' lang='lat' dir='ltr'><strong>exprimatur,</strong></span> <span class='ocrx_word' id='word_1_64' title='bbox 1325 1082 1369 1150; x_wconf 87' lang='lat' dir='ltr'><strong>de</strong></span> <span class='ocrx_word' id='word_1_65' title='bbox 1379 1082 1479 1150; x_wconf 88' lang='lat' dir='ltr'><strong>uolun-</strong></span> 
     </span>
     <span class='ocr_line' id='line_1_9' title="bbox 361 1191 1478 1278; baseline -0.004 -20"><span class='ocrx_word' id='word_1_66' title='bbox 361 1199 428 1260; x_wconf 86' lang='lat' dir='ltr'><strong>tate</strong></span> <span class='ocrx_word' id='word_1_67' title='bbox 445 1199 476 1257; x_wconf 94' lang='lat' dir='ltr'><strong>et</strong></span> <span class='ocrx_word' id='word_1_68' title='bbox 493 1191 704 1278; x_wconf 77' lang='lat' dir='ltr'><strong>permissione</strong></span> <span class='ocrx_word' id='word_1_69' title='bbox 720 1192 858 1278; x_wconf 90' lang='lat' dir='ltr'><strong>predicti</strong></span> <span class='ocrx_word' id='word_1_70' title='bbox 875 1192 1023 1278; x_wconf 84' lang='lat' dir='ltr'><strong>Magistri</strong></span> <span class='ocrx_word' id='word_1_71' title='bbox 1040 1193 1119 1259; x_wconf 82' lang='lat' dir='ltr'><strong>dula</strong></span> <span class='ocrx_word' id='word_1_72' title='bbox 1135 1199 1168 1259; x_wconf 88' lang='lat' dir='ltr'><strong>et</strong></span> <span class='ocrx_word' id='word_1_73' title='bbox 1184 1197 1362 1260; x_wconf 87' lang='lat' dir='ltr'><strong>ceterorum</strong></span> <span class='ocrx_word' id='word_1_74' title='bbox 1373 1209 1478 1274; x_wconf 85' lang='lat' dir='ltr'><strong>cogna-</strong></span> 
     </span>
     <span class='ocr_line' id='line_1_10' title="bbox 360 1297 1477 1386; baseline -0.003 -22"><span class='ocrx_word' id='word_1_75' title='bbox 360 1308 464 1368; x_wconf 91' lang='lat' dir='ltr'><strong>torum</strong></span> <span class='ocrx_word' id='word_1_76' title='bbox 482 1300 533 1366; x_wconf 90' lang='lat' dir='ltr'><strong>rel</strong></span> <span class='ocrx_word' id='word_1_77' title='bbox 549 1299 728 1368; x_wconf 90' lang='lat' dir='ltr'><strong>uicinorum</strong></span> <span class='ocrx_word' id='word_1_78' title='bbox 745 1318 885 1386; x_wconf 86' lang='lat' dir='ltr'><strong>suorum,</strong></span> <span class='ocrx_word' id='word_1_79' title='bbox 901 1319 1034 1383; x_wconf 85' lang='lat' dir='ltr'><strong>quorum</strong></span> <span class='ocrx_word' id='word_1_80' title='bbox 1051 1299 1184 1368; x_wconf 90' lang='lat' dir='ltr'><strong>nomina</strong></span> <span class='ocrx_word' id='word_1_81' title='bbox 1215 1297 1352 1367; x_wconf 82' lang='lat' dir='ltr'><strong>iuferius</strong></span> <span class='ocrx_word' id='word_1_82' title='bbox 1385 1297 1477 1382; x_wconf 82' lang='lat' dir='ltr'><strong>expri-</strong></span> 
     </span>
     <span class='ocr_line' id='line_1_11' title="bbox 360 1403 1476 1492; baseline -0.005 -18"><span class='ocrx_word' id='word_1_83' title='bbox 360 1413 496 1492; x_wconf 89' lang='lat' dir='ltr'><strong>mentur,</strong></span> <span class='ocrx_word' id='word_1_84' title='bbox 512 1407 657 1476; x_wconf 87' lang='lat' dir='ltr'><strong>vendidit</strong></span> <span class='ocrx_word' id='word_1_85' title='bbox 673 1407 829 1491; x_wconf 83' lang='lat' dir='ltr'><strong>Magistro</strong></span> <span class='ocrx_word' id='word_1_86' title='bbox 846 1407 935 1475; x_wconf 79' lang='lat' dir='ltr'><strong>Bere</strong></span> <span class='ocrx_word' id='word_1_87' title='bbox 952 1406 1018 1474; x_wconf 90' lang='lat' dir='ltr'><strong>lilio</strong></span> <span class='ocrx_word' id='word_1_88' title='bbox 1035 1406 1170 1474; x_wconf 78' lang='lat' dir='ltr'><strong>Comitis</strong></span> <span class='ocrx_word' id='word_1_89' title='bbox 1186 1407 1334 1474; x_wconf 73' lang='lat' dir='ltr'><strong>Marcelli</strong></span> <span class='ocrx_word' id='word_1_90' title='bbox 1351 1413 1385 1472; x_wconf 91' lang='lat' dir='ltr'><strong>et</strong></span> <span class='ocrx_word' id='word_1_91' title='bbox 1408 1403 1476 1470; x_wconf 89' lang='lat' dir='ltr'><strong>duc-</strong></span> 
     </span>
     <span class='ocr_line' id='line_1_12' title="bbox 364 1514 1475 1601; baseline -0.006 -17"><span class='ocrx_word' id='word_1_92' title='bbox 364 1519 423 1584; x_wconf 90' lang='lat' dir='ltr'><strong>bus</strong></span> <span class='ocrx_word' id='word_1_93' title='bbox 440 1516 518 1601; x_wconf 87' lang='lat' dir='ltr'><strong>filijs</strong></span> <span class='ocrx_word' id='word_1_94' title='bbox 542 1515 685 1584; x_wconf 88' lang='lat' dir='ltr'><strong>eiusdem</strong></span> <span class='ocrx_word' id='word_1_95' title='bbox 715 1514 882 1600; x_wconf 86' lang='lat' dir='ltr'><strong>Stephane</strong></span> <span class='ocrx_word' id='word_1_96' title='bbox 913 1522 945 1582; x_wconf 92' lang='lat' dir='ltr'><strong>et</strong></span> <span class='ocrx_word' id='word_1_97' title='bbox 976 1514 1115 1600; x_wconf 86' lang='lat' dir='ltr'><strong>Mycaeli</strong></span> <span class='ocrx_word' id='word_1_98' title='bbox 1146 1515 1294 1601; x_wconf 84' lang='lat' dir='ltr'><strong>cognatis</strong></span> <span class='ocrx_word' id='word_1_99' title='bbox 1326 1515 1394 1583; x_wconf 88' lang='lat' dir='ltr'><strong>suis</strong></span> <span class='ocrx_word' id='word_1_100' title='bbox 1424 1533 1475 1598; x_wconf 87' lang='lat' dir='ltr'><strong>pro</strong></span> 
     </span>
     <span class='ocr_line' id='line_1_13' title="bbox 363 1620 1475 1711; baseline -0.003 -21"><span class='ocrx_word' id='word_1_101' title='bbox 363 1623 475 1708; x_wconf 87' lang='lat' dir='ltr'><strong>viginti</strong></span> <span class='ocrx_word' id='word_1_102' title='bbox 493 1623 610 1690; x_wconf 88' lang='lat' dir='ltr'><strong>mareis</strong></span> <span class='ocrx_word' id='word_1_103' title='bbox 626 1625 717 1710; x_wconf 90' lang='lat' dir='ltr'><strong>prius</strong></span> <span class='ocrx_word' id='word_1_104' title='bbox 733 1621 912 1690; x_wconf 83' lang='lat' dir='ltr'><strong>numeratis</strong></span> <span class='ocrx_word' id='word_1_105' title='bbox 930 1629 961 1692; x_wconf 93' lang='lat' dir='ltr'><strong>et</strong></span> <span class='ocrx_word' id='word_1_106' title='bbox 977 1623 1116 1708; x_wconf 77' lang='lat' dir='ltr'><strong>receptis</strong></span> <span class='ocrx_word' id='word_1_107' title='bbox 1131 1625 1175 1690; x_wconf 89' lang='lat' dir='ltr'><strong>ab</strong></span> <span class='ocrx_word' id='word_1_108' title='bbox 1191 1623 1327 1711; x_wconf 88' lang='lat' dir='ltr'><strong>eisdem,</strong></span> <span class='ocrx_word' id='word_1_109' title='bbox 1357 1620 1420 1688; x_wconf 84' lang='lat' dir='ltr'><strong>eibi</strong></span> <span class='ocrx_word' id='word_1_110' title='bbox 1446 1627 1475 1687; x_wconf 90' lang='lat' dir='ltr'><strong>et</strong></span> 
     </span>
     <span class='ocr_line' id='line_1_14' title="bbox 362 1727 1477 1816; baseline -0.004 -16"><span class='ocrx_word' id='word_1_111' title='bbox 362 1752 473 1800; x_wconf 90' lang='lat' dir='ltr'><strong>cerum</strong></span> <span class='ocrx_word' id='word_1_112' title='bbox 490 1730 662 1799; x_wconf 88' lang='lat' dir='ltr'><strong>heredibus</strong></span> <span class='ocrx_word' id='word_1_113' title='bbox 679 1730 939 1799; x_wconf 88' lang='lat' dir='ltr'><strong>inreuocabiliter</strong></span> <span class='ocrx_word' id='word_1_114' title='bbox 970 1730 1038 1797; x_wconf 86' lang='lat' dir='ltr'><strong>iure</strong></span> <span class='ocrx_word' id='word_1_115' title='bbox 1070 1736 1225 1816; x_wconf 90' lang='lat' dir='ltr'><strong>perpetuo</strong></span> <span class='ocrx_word' id='word_1_116' title='bbox 1256 1727 1477 1816; x_wconf 81' lang='lat' dir='ltr'><strong>possidendam</strong></span> 
     </span>
     <span class='ocr_line' id='line_1_15' title="bbox 361 1835 1478 1924; baseline -0.004 -17"><span class='ocrx_word' id='word_1_117' title='bbox 361 1848 393 1907; x_wconf 85' lang='lat' dir='ltr'><strong>et</strong></span> <span class='ocrx_word' id='word_1_118' title='bbox 409 1838 612 1924; x_wconf 72' lang='lat' dir='ltr'><strong>habendam,</strong></span> <span class='ocrx_word' id='word_1_119' title='bbox 637 1859 735 1923; x_wconf 89' lang='lat' dir='ltr'><strong>quam</strong></span> <span class='ocrx_word' id='word_1_120' title='bbox 751 1839 881 1923; x_wconf 88' lang='lat' dir='ltr'><strong>quidem</strong></span> <span class='ocrx_word' id='word_1_121' title='bbox 907 1851 1028 1906; x_wconf 88' lang='lat' dir='ltr'><strong>terram</strong></span> <span class='ocrx_word' id='word_1_122' title='bbox 1060 1838 1225 1922; x_wconf 86' lang='lat' dir='ltr'><strong>predictus</strong></span> <span class='ocrx_word' id='word_1_123' title='bbox 1258 1839 1372 1906; x_wconf 89' lang='lat' dir='ltr'><strong>Petrus</strong></span> <span class='ocrx_word' id='word_1_124' title='bbox 1403 1835 1478 1903; x_wconf 87' lang='lat' dir='ltr'><strong>filim</strong></span> 
     </span>
     <span class='ocr_line' id='line_1_16' title="bbox 363 1945 1475 2032; baseline -0.004 -18"><span class='ocrx_word' id='word_1_125' title='bbox 363 1947 477 2014; x_wconf 86' lang='lat' dir='ltr'><strong>Bucbk</strong></span> <span class='ocrx_word' id='word_1_126' title='bbox 493 1945 596 2014; x_wconf 88' lang='lat' dir='ltr'><strong>cidem</strong></span> <span class='ocrx_word' id='word_1_127' title='bbox 613 1947 767 2030; x_wconf 83' lang='lat' dir='ltr'><strong>Magistro</strong></span> <span class='ocrx_word' id='word_1_128' title='bbox 783 1947 876 2014; x_wconf 87' lang='lat' dir='ltr'><strong>Beke</strong></span> <span class='ocrx_word' id='word_1_129' title='bbox 891 1966 949 2031; x_wconf 91' lang='lat' dir='ltr'><strong>pro</strong></span> <span class='ocrx_word' id='word_1_130' title='bbox 966 1947 1088 2014; x_wconf 88' lang='lat' dir='ltr'><strong>eisdem</strong></span> <span class='ocrx_word' id='word_1_131' title='bbox 1106 1947 1219 2031; x_wconf 85' lang='lat' dir='ltr'><strong>uiginti</strong></span> <span class='ocrx_word' id='word_1_132' title='bbox 1229 1946 1349 2013; x_wconf 89' lang='lat' dir='ltr'><strong>mareis</strong></span> <span class='ocrx_word' id='word_1_133' title='bbox 1358 1945 1475 2032; x_wconf 86' lang='lat' dir='ltr'><strong>pignori</strong></span> 
     </span>
     <span class='ocr_line' id='line_1_17' title="bbox 360 2051 1476 2142; baseline -0.004 -22"><span class='ocrx_word' id='word_1_134' title='bbox 360 2053 532 2142; x_wconf 80' lang='lat' dir='ltr'><strong>obligarat,</strong></span> <span class='ocrx_word' id='word_1_135' title='bbox 549 2055 634 2124; x_wconf 91' lang='lat' dir='ltr'><strong>sicut</strong></span> <span class='ocrx_word' id='word_1_136' title='bbox 649 2055 684 2122; x_wconf 93' lang='lat' dir='ltr'><strong>in</strong></span> <span class='ocrx_word' id='word_1_137' title='bbox 708 2053 827 2122; x_wconf 88' lang='lat' dir='ltr'><strong>litteris</strong></span> <span class='ocrx_word' id='word_1_138' title='bbox 851 2053 971 2122; x_wconf 90' lang='lat' dir='ltr'><strong>nostris</strong></span> <span class='ocrx_word' id='word_1_139' title='bbox 1007 2053 1122 2122; x_wconf 81' lang='lat' dir='ltr'><strong>exinde</strong></span> <span class='ocrx_word' id='word_1_140' title='bbox 1154 2053 1313 2122; x_wconf 87' lang='lat' dir='ltr'><strong>conlectis</strong></span> <span class='ocrx_word' id='word_1_141' title='bbox 1346 2051 1476 2120; x_wconf 86' lang='lat' dir='ltr'><strong>uidimus</strong></span> 
     </span>
     <span class='ocr_line' id='line_1_18' title="bbox 360 2160 1476 2249; baseline -0.003 -20"><span class='ocrx_word' id='word_1_142' title='bbox 360 2163 528 2248; x_wconf 90' lang='lat' dir='ltr'><strong>contineri,</strong></span> <span class='ocrx_word' id='word_1_143' title='bbox 560 2169 592 2230; x_wconf 86' lang='lat' dir='ltr'><strong>et</strong></span> <span class='ocrx_word' id='word_1_144' title='bbox 606 2160 811 2249; x_wconf 87' lang='lat' dir='ltr'><strong>postmodum</strong></span> <span class='ocrx_word' id='word_1_145' title='bbox 826 2161 985 2228; x_wconf 87' lang='lat' dir='ltr'><strong>redimere</strong></span> <span class='ocrx_word' id='word_1_146' title='bbox 1001 2183 1064 2230; x_wconf 92' lang='lat' dir='ltr'><strong>non</strong></span> <span class='ocrx_word' id='word_1_147' title='bbox 1080 2161 1207 2244; x_wconf 89' lang='lat' dir='ltr'><strong>ualens,</strong></span> <span class='ocrx_word' id='word_1_148' title='bbox 1240 2180 1297 2248; x_wconf 88' lang='lat' dir='ltr'><strong>per</strong></span> <span class='ocrx_word' id='word_1_149' title='bbox 1328 2160 1476 2228; x_wconf 77' lang='lat' dir='ltr'><strong>Comitem</strong></span> 
     </span>
     <span class='ocr_line' id='line_1_19' title="bbox 359 2267 1476 2356; baseline -0.004 -19"><span class='ocrx_word' id='word_1_150' title='bbox 359 2269 523 2338; x_wconf 82' lang='lat' dir='ltr'><strong>Andream</strong></span> <span class='ocrx_word' id='word_1_151' title='bbox 540 2269 643 2338; x_wconf 88' lang='lat' dir='ltr'><strong>filium</strong></span> <span class='ocrx_word' id='word_1_152' title='bbox 661 2269 749 2336; x_wconf 92' lang='lat' dir='ltr'><strong>Petri</strong></span> <span class='ocrx_word' id='word_1_153' title='bbox 774 2270 815 2337; x_wconf 93' lang='lat' dir='ltr'><strong>de</strong></span> <span class='ocrx_word' id='word_1_154' title='bbox 845 2289 968 2355; x_wconf 81' lang='lat' dir='ltr'><strong>genere</strong></span> <span class='ocrx_word' id='word_1_155' title='bbox 1000 2267 1149 2356; x_wconf 88' lang='lat' dir='ltr'><strong>Budmer,</strong></span> <span class='ocrx_word' id='word_1_156' title='bbox 1180 2276 1213 2337; x_wconf 91' lang='lat' dir='ltr'><strong>et</strong></span> <span class='ocrx_word' id='word_1_157' title='bbox 1244 2269 1356 2337; x_wconf 88' lang='lat' dir='ltr'><strong>Budur</strong></span> <span class='ocrx_word' id='word_1_158' title='bbox 1386 2268 1476 2335; x_wconf 89' lang='lat' dir='ltr'><strong>lilium</strong></span> 
     </span>
     <span class='ocr_line' id='line_1_20' title="bbox 359 2374 1477 2465; baseline -0.001 -23"><span class='ocrx_word' id='word_1_159' title='bbox 359 2377 470 2445; x_wconf 87' lang='lat' dir='ltr'><strong>Budur</strong></span> <span class='ocrx_word' id='word_1_160' title='bbox 486 2377 527 2443; x_wconf 92' lang='lat' dir='ltr'><strong>de</strong></span> <span class='ocrx_word' id='word_1_161' title='bbox 543 2377 687 2464; x_wconf 77' lang='lat' dir='ltr'><strong>Peturdp</strong></span> <span class='ocrx_word' id='word_1_162' title='bbox 702 2399 761 2464; x_wconf 91' lang='lat' dir='ltr'><strong>per</strong></span> <span class='ocrx_word' id='word_1_163' title='bbox 777 2384 889 2465; x_wconf 89' lang='lat' dir='ltr'><strong>partes</strong></span> <span class='ocrx_word' id='word_1_164' title='bbox 915 2374 1071 2445; x_wconf 85' lang='lat' dir='ltr'><strong>adductos</strong></span> <span class='ocrx_word' id='word_1_165' title='bbox 1102 2383 1282 2445; x_wconf 88' lang='lat' dir='ltr'><strong>memorata</strong></span> <span class='ocrx_word' id='word_1_166' title='bbox 1311 2383 1397 2444; x_wconf 88' lang='lat' dir='ltr'><strong>terra</strong></span> <span class='ocrx_word' id='word_1_167' title='bbox 1424 2396 1477 2460; x_wconf 88' lang='lat' dir='ltr'><strong>pro</strong></span> 
     </span>
     <span class='ocr_line' id='line_1_21' title="bbox 360 2484 1474 2568; baseline 0.001 -18"><span class='ocrx_word' id='word_1_168' title='bbox 360 2484 484 2552; x_wconf 91' lang='lat' dir='ltr'><strong>eisdem</strong></span> <span class='ocrx_word' id='word_1_169' title='bbox 500 2485 618 2568; x_wconf 88' lang='lat' dir='ltr'><strong>uiginti</strong></span> <span class='ocrx_word' id='word_1_170' title='bbox 645 2485 762 2552; x_wconf 89' lang='lat' dir='ltr'><strong>marcis</strong></span> <span class='ocrx_word' id='word_1_171' title='bbox 794 2485 855 2553; x_wconf 90' lang='lat' dir='ltr'><strong>fuit</strong></span> <span class='ocrx_word' id='word_1_172' title='bbox 887 2485 1044 2552; x_wconf 84' lang='lat' dir='ltr'><strong>extimata</strong></span> <span class='ocrx_word' id='word_1_173' title='bbox 1075 2505 1182 2554; x_wconf 87' lang='lat' dir='ltr'><strong>eoram</strong></span> <span class='ocrx_word' id='word_1_174' title='bbox 1213 2484 1343 2553; x_wconf 92' lang='lat' dir='ltr'><strong>homine</strong></span> <span class='ocrx_word' id='word_1_175' title='bbox 1372 2490 1474 2552; x_wconf 88' lang='lat' dir='ltr'><strong>nestro</strong></span> 
     </span>
     <span class='ocr_line' id='line_1_22' title="bbox 359 2591 1475 2680; baseline -0.001 -21"><span class='ocrx_word' id='word_1_176' title='bbox 359 2591 503 2678; x_wconf 82' lang='lat' dir='ltr'><strong>Symene</strong></span> <span class='ocrx_word' id='word_1_177' title='bbox 518 2591 734 2680; x_wconf 88' lang='lat' dir='ltr'><strong>prebendario</strong></span> <span class='ocrx_word' id='word_1_178' title='bbox 750 2611 809 2678; x_wconf 92' lang='lat' dir='ltr'><strong>per</strong></span> <span class='ocrx_word' id='word_1_179' title='bbox 828 2598 936 2680; x_wconf 88' lang='lat' dir='ltr'><strong>partes</strong></span> <span class='ocrx_word' id='word_1_180' title='bbox 951 2591 1104 2660; x_wconf 88' lang='lat' dir='ltr'><strong>adducto.</strong></span> <span class='ocrx_word' id='word_1_181' title='bbox 1121 2593 1242 2660; x_wconf 85' lang='lat' dir='ltr'><strong>Cursus</strong></span> <span class='ocrx_word' id='word_1_182' title='bbox 1258 2599 1367 2659; x_wconf 90' lang='lat' dir='ltr'><strong>autem</strong></span> <span class='ocrx_word' id='word_1_183' title='bbox 1383 2598 1475 2658; x_wconf 83' lang='lat' dir='ltr'><strong>meta·</strong></span> 
     </span>
     <span class='ocr_line' id='line_1_23' title="bbox 360 2699 1475 2785; baseline -0.001 -20"><span class='ocrx_word' id='word_1_184' title='bbox 360 2721 431 2767; x_wconf 92' lang='lat' dir='ltr'><strong>rum</strong></span> <span class='ocrx_word' id='word_1_185' title='bbox 447 2700 543 2768; x_wconf 90' lang='lat' dir='ltr'><strong>buius</strong></span> <span class='ocrx_word' id='word_1_186' title='bbox 558 2707 642 2769; x_wconf 91' lang='lat' dir='ltr'><strong>terre</strong></span> <span class='ocrx_word' id='word_1_187' title='bbox 656 2700 819 2784; x_wconf 85' lang='lat' dir='ltr'><strong>Wegbala</strong></span> <span class='ocrx_word' id='word_1_188' title='bbox 835 2707 949 2769; x_wconf 86' lang='lat' dir='ltr'><strong>uocate</strong></span> <span class='ocrx_word' id='word_1_189' title='bbox 964 2700 1040 2768; x_wconf 84' lang='lat' dir='ltr'><strong>talis</strong></span> <span class='ocrx_word' id='word_1_190' title='bbox 1057 2707 1128 2768; x_wconf 87' lang='lat' dir='ltr'><strong>est:</strong></span> <span class='ocrx_word' id='word_1_191' title='bbox 1147 2699 1338 2785; x_wconf 88' lang='lat' dir='ltr'><strong>Incipiendc</strong></span> <span class='ocrx_word' id='word_1_192' title='bbox 1358 2700 1475 2768; x_wconf 86' lang='lat' dir='ltr'><strong>scilicet</strong></span> 
     </span>
     <span class='ocr_line' id='line_1_24' title="bbox 359 2807 1471 2888; baseline -0.004 -12"><span class='ocrx_word' id='word_1_193' title='bbox 359 2832 380 2876; x_wconf 93' lang='lat' dir='ltr'><strong>a</strong></span> <span class='ocrx_word' id='word_1_194' title='bbox 395 2811 493 2878; x_wconf 90' lang='lat' dir='ltr'><strong>fluuio</strong></span> <span class='ocrx_word' id='word_1_195' title='bbox 510 2811 631 2878; x_wconf 86' lang='lat' dir='ltr'><strong>Skalcb</strong></span> <span class='ocrx_word' id='word_1_196' title='bbox 647 2816 762 2878; x_wconf 85' lang='lat' dir='ltr'><strong>uocato</strong></span> <span class='ocrx_word' id='word_1_197' title='bbox 778 2809 813 2876; x_wconf 91' lang='lat' dir='ltr'><strong>in</strong></span> <span class='ocrx_word' id='word_1_198' title='bbox 828 2809 1109 2877; x_wconf 85' lang='lat' dir='ltr'><strong>cemmeteneitate</strong></span> <span class='ocrx_word' id='word_1_199' title='bbox 1125 2815 1285 2878; x_wconf 88' lang='lat' dir='ltr'><strong>terrarum</strong></span> <span class='ocrx_word' id='word_1_200' title='bbox 1310 2807 1471 2888; x_wconf 84' lang='lat' dir='ltr'><strong>Laurencij</strong></span> 
     </span>
     <span class='ocr_line' id='line_1_25' title="bbox 359 2917 1560 3006; baseline 0.001 -21"><span class='ocrx_word' id='word_1_201' title='bbox 359 2917 417 3002; x_wconf 81' lang='lat' dir='ltr'><strong>filij</strong></span> <span class='ocrx_word' id='word_1_202' title='bbox 435 2919 510 3006; x_wconf 81' lang='lat' dir='ltr'><strong>Vyd</strong></span> <span class='ocrx_word' id='word_1_203' title='bbox 525 2920 568 2988; x_wconf 94' lang='lat' dir='ltr'><strong>de</strong></span> <span class='ocrx_word' id='word_1_204' title='bbox 582 2922 706 3006; x_wconf 82' lang='lat' dir='ltr'><strong>Lypcr,</strong></span> <span class='ocrx_word' id='word_1_205' title='bbox 722 2925 755 2986; x_wconf 90' lang='lat' dir='ltr'><strong>et</strong></span> <span class='ocrx_word' id='word_1_206' title='bbox 770 2919 903 2987; x_wconf 76' lang='lat' dir='ltr'><strong>bubum</strong></span> <span class='ocrx_word' id='word_1_207' title='bbox 921 2937 1051 2987; x_wconf 89' lang='lat' dir='ltr'><strong>sucrum</strong></span> <span class='ocrx_word' id='word_1_208' title='bbox 1066 2917 1204 2987; x_wconf 88' lang='lat' dir='ltr'><strong>filiorum</strong></span> <span class='ocrx_word' id='word_1_209' title='bbox 1221 2917 1394 3005; x_wconf 81' lang='lat' dir='ltr'><strong>Myscolcb,</strong></span> <span class='ocrx_word' id='word_1_210' title='bbox 1410 2924 1471 2982; x_wconf 81' lang='lat' dir='ltr'><strong>teu</strong></span> <span class='ocrx_word' id='word_1_211' title='bbox 1558 2953 1560 2986; x_wconf 80' lang='grc' dir='ltr'>ι</span> 
     </span>
     <span class='ocr_line' id='line_1_26' title="bbox 360 3023 1560 3114; baseline 0.002 -24"><span class='ocrx_word' id='word_1_212' title='bbox 360 3025 409 3092; x_wconf 90' lang='lat' dir='ltr'><strong>dit</strong></span> <span class='ocrx_word' id='word_1_213' title='bbox 424 3025 468 3092; x_wconf 86' lang='lat' dir='ltr'><strong>ad</strong></span> <span class='ocrx_word' id='word_1_214' title='bbox 482 3026 614 3094; x_wconf 83' lang='lat' dir='ltr'><strong>domum</strong></span> <span class='ocrx_word' id='word_1_215' title='bbox 631 3026 818 3114; x_wconf 85' lang='lat' dir='ltr'><strong>vimineum,</strong></span> <span class='ocrx_word' id='word_1_216' title='bbox 835 3027 869 3093; x_wconf 92' lang='lat' dir='ltr'><strong>in</strong></span> <span class='ocrx_word' id='word_1_217' title='bbox 887 3046 950 3110; x_wconf 88' lang='lat' dir='ltr'><strong>quo</strong></span> <span class='ocrx_word' id='word_1_218' title='bbox 967 3033 1017 3094; x_wconf 91' lang='lat' dir='ltr'><strong>cst</strong></span> <span class='ocrx_word' id='word_1_219' title='bbox 1032 3033 1117 3094; x_wconf 89' lang='lat' dir='ltr'><strong>meta</strong></span> <span class='ocrx_word' id='word_1_220' title='bbox 1133 3033 1238 3094; x_wconf 86' lang='lat' dir='ltr'><strong>terrea</strong></span> <span class='ocrx_word' id='word_1_221' title='bbox 1248 3049 1257 3110; x_wconf 91' lang='lat'>;</span> <span class='ocrx_word' id='word_1_222' title='bbox 1277 3023 1392 3093; x_wconf 89' lang='lat' dir='ltr'><strong>deinde</strong></span> <span class='ocrx_word' id='word_1_223' title='bbox 1407 3043 1473 3108; x_wconf 86' lang='lat' dir='ltr'><strong>pro·</strong></span> <span class='ocrx_word' id='word_1_224' title='bbox 1559 3037 1560 3060; x_wconf 44' lang='lat' dir='ltr'><strong>l</strong></span> 
     </span>
     <span class='ocr_line' id='line_1_27' title="bbox 359 3131 1471 3218; baseline -0.002 -20"><span class='ocrx_word' id='word_1_225' title='bbox 359 3133 486 3201; x_wconf 87' lang='lat' dir='ltr'><strong>ceditur</strong></span> <span class='ocrx_word' id='word_1_226' title='bbox 500 3134 544 3202; x_wconf 85' lang='lat' dir='ltr'><strong>sd</strong></span> <span class='ocrx_word' id='word_1_227' title='bbox 570 3155 667 3202; x_wconf 89' lang='lat' dir='ltr'><strong>unam</strong></span> <span class='ocrx_word' id='word_1_228' title='bbox 700 3141 818 3201; x_wconf 88' lang='lat' dir='ltr'><strong>metam</strong></span> <span class='ocrx_word' id='word_1_229' title='bbox 849 3141 988 3202; x_wconf 85' lang='lat' dir='ltr'><strong>terream</strong></span> <span class='ocrx_word' id='word_1_230' title='bbox 1021 3139 1163 3202; x_wconf 85' lang='lat' dir='ltr'><strong>erectam</strong></span> <span class='ocrx_word' id='word_1_231' title='bbox 1195 3134 1289 3200; x_wconf 85' lang='lat' dir='ltr'><strong>iuxta</strong></span> <span class='ocrx_word' id='word_1_232' title='bbox 1320 3131 1471 3218; x_wconf 84' lang='lat' dir='ltr'><strong>quandam</strong></span> 
     </span>
     <span class='ocr_line' id='line_1_28' title="bbox 360 3240 1470 3328; baseline -0.005 -21"><span class='ocrx_word' id='word_1_233' title='bbox 360 3243 507 3328; x_wconf 89' lang='lat' dir='ltr'><strong>insulam,</strong></span> <span class='ocrx_word' id='word_1_234' title='bbox 525 3242 580 3310; x_wconf 85' lang='lat' dir='ltr'><strong>vbi</strong></span> <span class='ocrx_word' id='word_1_235' title='bbox 597 3240 684 3307; x_wconf 89' lang='lat' dir='ltr'><strong>cadit</strong></span> <span class='ocrx_word' id='word_1_236' title='bbox 700 3241 733 3308; x_wconf 91' lang='lat' dir='ltr'><strong>in</strong></span> <span class='ocrx_word' id='word_1_237' title='bbox 751 3261 870 3326; x_wconf 87' lang='lat' dir='ltr'><strong>aquam</strong></span> <span class='ocrx_word' id='word_1_238' title='bbox 887 3241 1041 3308; x_wconf 87' lang='lat' dir='ltr'><strong>Draucba</strong></span> <span class='ocrx_word' id='word_1_239' title='bbox 1058 3245 1224 3326; x_wconf 76' lang='lat' dir='ltr'><strong>uocatam5</strong></span> <span class='ocrx_word' id='word_1_240' title='bbox 1252 3262 1347 3324; x_wconf 88' lang='lat' dir='ltr'><strong>quam</strong></span> <span class='ocrx_word' id='word_1_241' title='bbox 1370 3249 1470 3307; x_wconf 85' lang='lat' dir='ltr'><strong>trans-</strong></span> 
     </span>
     <span class='ocr_line' id='line_1_29' title="bbox 358 3342 1473 3433; baseline -0.009 -17"><span class='ocrx_word' id='word_1_242' title='bbox 358 3349 481 3416; x_wconf 87' lang='lat' dir='ltr'><strong>seliens</strong></span> <span class='ocrx_word' id='word_1_243' title='bbox 497 3350 624 3417; x_wconf 83' lang='lat' dir='ltr'><strong>verritur</strong></span> <span class='ocrx_word' id='word_1_244' title='bbox 640 3349 683 3416; x_wconf 89' lang='lat' dir='ltr'><strong>ad</strong></span> <span class='ocrx_word' id='word_1_245' title='bbox 699 3355 817 3416; x_wconf 82' lang='lat' dir='ltr'><strong>metam</strong></span> <span class='ocrx_word' id='word_1_246' title='bbox 834 3354 971 3418; x_wconf 90' lang='lat' dir='ltr'><strong>terream</strong></span> <span class='ocrx_word' id='word_1_247' title='bbox 989 3348 1043 3414; x_wconf 89' lang='lat' dir='ltr'><strong>vbi</strong></span> <span class='ocrx_word' id='word_1_248' title='bbox 1060 3353 1109 3415; x_wconf 87' lang='lat' dir='ltr'><strong>est</strong></span> <span class='ocrx_word' id='word_1_249' title='bbox 1125 3345 1241 3432; x_wconf 86' lang='lat' dir='ltr'><strong>uallis;</strong></span> <span class='ocrx_word' id='word_1_250' title='bbox 1265 3342 1473 3433; x_wconf 80' lang='lat' dir='ltr'><strong>pesteausdis</strong></span> 
     </span>
     <span class='ocr_line' id='line_1_30' title="bbox 358 3454 1474 3546; baseline -0.004 -24"><span class='ocrx_word' id='word_1_251' title='bbox 358 3454 446 3546; x_wconf 79' lang='lat' dir='ltr'><strong>(igy)</strong></span> <span class='ocrx_word' id='word_1_252' title='bbox 462 3456 505 3524; x_wconf 91' lang='lat' dir='ltr'><strong>ad</strong></span> <span class='ocrx_word' id='word_1_253' title='bbox 521 3477 617 3524; x_wconf 89' lang='lat' dir='ltr'><strong>unam</strong></span> <span class='ocrx_word' id='word_1_254' title='bbox 634 3477 788 3542; x_wconf 90' lang='lat' dir='ltr'><strong>magnam</strong></span> <span class='ocrx_word' id='word_1_255' title='bbox 805 3457 901 3542; x_wconf 87' lang='lat' dir='ltr'><strong>uiam,</strong></span> <span class='ocrx_word' id='word_1_256' title='bbox 919 3475 976 3541; x_wconf 90' lang='lat' dir='ltr'><strong>per</strong></span> <span class='ocrx_word' id='word_1_257' title='bbox 993 3475 1090 3539; x_wconf 89' lang='lat' dir='ltr'><strong>quam</strong></span> <span class='ocrx_word' id='word_1_258' title='bbox 1106 3455 1171 3522; x_wconf 88' lang='lat' dir='ltr'><strong>itur</strong></span> <span class='ocrx_word' id='word_1_259' title='bbox 1187 3455 1221 3521; x_wconf 93' lang='lat' dir='ltr'><strong>in</strong></span> <span class='ocrx_word' id='word_1_260' title='bbox 1247 3455 1360 3522; x_wconf 88' lang='lat' dir='ltr'><strong>uillam</strong></span> <span class='ocrx_word' id='word_1_261' title='bbox 1383 3454 1474 3519; x_wconf 87' lang='lat' dir='ltr'><strong>Bere·</strong></span> 
     </span>
     <span class='ocr_line' id='line_1_31' title="bbox 358 3561 1469 3652; baseline -0.005 -23"><span class='ocrx_word' id='word_1_262' title='bbox 358 3585 451 3648; x_wconf 90' lang='lat' dir='ltr'><strong>rnen;</strong></span> <span class='ocrx_word' id='word_1_263' title='bbox 474 3566 508 3630; x_wconf 90' lang='lat' dir='ltr'><strong>in</strong></span> <span class='ocrx_word' id='word_1_264' title='bbox 525 3585 590 3648; x_wconf 89' lang='lat' dir='ltr'><strong>qua</strong></span> <span class='ocrx_word' id='word_1_265' title='bbox 605 3565 661 3632; x_wconf 86' lang='lat' dir='ltr'><strong>uia</strong></span> <span class='ocrx_word' id='word_1_266' title='bbox 677 3563 783 3634; x_wconf 91' lang='lat' dir='ltr'><strong>eundo</strong></span> <span class='ocrx_word' id='word_1_267' title='bbox 801 3567 868 3632; x_wconf 85' lang='lat' dir='ltr'><strong>exit</strong></span> <span class='ocrx_word' id='word_1_268' title='bbox 884 3564 926 3630; x_wconf 86' lang='lat' dir='ltr'><strong>ab</strong></span> <span class='ocrx_word' id='word_1_269' title='bbox 943 3563 1068 3652; x_wconf 83' lang='lat' dir='ltr'><strong>cadem,</strong></span> <span class='ocrx_word' id='word_1_270' title='bbox 1094 3570 1125 3631; x_wconf 88' lang='lat' dir='ltr'><strong>et</strong></span> <span class='ocrx_word' id='word_1_271' title='bbox 1141 3563 1272 3632; x_wconf 79' lang='lat' dir='ltr'><strong>veditur</strong></span> <span class='ocrx_word' id='word_1_272' title='bbox 1287 3583 1346 3649; x_wconf 91' lang='lat' dir='ltr'><strong>per</strong></span> <span class='ocrx_word' id='word_1_273' title='bbox 1359 3561 1469 3629; x_wconf 85' lang='lat' dir='ltr'><strong>uallem</strong></span> 
     </span>
     <span class='ocr_line' id='line_1_32' title="bbox 357 3672 1473 3760; baseline -0.001 -21"><span class='ocrx_word' id='word_1_274' title='bbox 357 3672 551 3740; x_wconf 85' lang='lat' dir='ltr'><strong>viminosam</strong></span> <span class='ocrx_word' id='word_1_275' title='bbox 567 3672 709 3741; x_wconf 86' lang='lat' dir='ltr'><strong>adduas</strong></span> <span class='ocrx_word' id='word_1_276' title='bbox 726 3681 829 3740; x_wconf 87' lang='lat' dir='ltr'><strong>metas</strong></span> <span class='ocrx_word' id='word_1_277' title='bbox 845 3679 978 3760; x_wconf 79' lang='lat' dir='ltr'><strong>terreas,</strong></span> <span class='ocrx_word' id='word_1_278' title='bbox 1009 3673 1064 3738; x_wconf 88' lang='lat' dir='ltr'><strong>vbi</strong></span> <span class='ocrx_word' id='word_1_279' title='bbox 1090 3672 1355 3740; x_wconf 84' lang='lat' dir='ltr'><strong>commetaneitas</strong></span> <span class='ocrx_word' id='word_1_280' title='bbox 1382 3675 1473 3738; x_wconf 78' lang='lat' dir='ltr'><strong>terra·</strong></span> 
     </span>
     <span class='ocr_line' id='line_1_33' title="bbox 318 3779 1467 3868; baseline -0.005 -21"><span class='ocrx_word' id='word_1_281' title='bbox 318 3850 322 3856; x_wconf 71' lang='grc'>,</span> <span class='ocrx_word' id='word_1_282' title='bbox 357 3802 426 3847; x_wconf 90' lang='lat' dir='ltr'><strong>rum</strong></span> <span class='ocrx_word' id='word_1_283' title='bbox 443 3780 580 3868; x_wconf 90' lang='lat' dir='ltr'><strong>predicti</strong></span> <span class='ocrx_word' id='word_1_284' title='bbox 597 3781 767 3867; x_wconf 85' lang='lat' dir='ltr'><strong>Laurencij</strong></span> <span class='ocrx_word' id='word_1_285' title='bbox 786 3787 818 3848; x_wconf 84' lang='lat' dir='ltr'><strong>et</strong></span> <span class='ocrx_word' id='word_1_286' title='bbox 834 3780 1053 3866; x_wconf 88' lang='lat' dir='ltr'><strong>predictorum</strong></span> <span class='ocrx_word' id='word_1_287' title='bbox 1069 3779 1210 3848; x_wconf 87' lang='lat' dir='ltr'><strong>filiorum</strong></span> <span class='ocrx_word' id='word_1_288' title='bbox 1226 3779 1389 3866; x_wconf 77' lang='lat' dir='ltr'><strong>Myscoleb</strong></span> <span class='ocrx_word' id='word_1_289' title='bbox 1411 3782 1467 3842; x_wconf 90' lang='lat' dir='ltr'><strong>ter·</strong></span> 
     </span>
     <span class='ocr_line' id='line_1_34' title="bbox 358 3881 1469 3978; baseline -0.007 -24"><span class='ocrx_word' id='word_1_290' title='bbox 358 3890 507 3978; x_wconf 87' lang='lat' dir='ltr'><strong>minatur,</strong></span> <span class='ocrx_word' id='word_1_291' title='bbox 523 3896 555 3956; x_wconf 89' lang='lat' dir='ltr'><strong>ct</strong></span> <span class='ocrx_word' id='word_1_292' title='bbox 569 3888 683 3974; x_wconf 85' lang='lat' dir='ltr'><strong>incipit</strong></span> <span class='ocrx_word' id='word_1_293' title='bbox 698 3895 807 3956; x_wconf 89' lang='lat' dir='ltr'><strong>tenere</strong></span> <span class='ocrx_word' id='word_1_294' title='bbox 823 3889 1137 3958; x_wconf 87' lang='lat' dir='ltr'><strong>commetaneitatem</strong></span> <span class='ocrx_word' id='word_1_295' title='bbox 1163 3907 1235 3955; x_wconf 90' lang='lat' dir='ltr'><strong>cum</strong></span> <span class='ocrx_word' id='word_1_296' title='bbox 1267 3887 1362 3955; x_wconf 87' lang='lat' dir='ltr'><strong>terris</strong></span> <span class='ocrx_word' id='word_1_297' title='bbox 1389 3881 1469 3951; x_wconf 88' lang='lat' dir='ltr'><strong>Petri</strong></span> 
     </span>
    </p>
   </div>
   <div class='ocr_carea' id='block_1_3' title="bbox 222 3983 1531 4616">
    <p class='ocr_par' dir='ltr' id='par_1_3' title="bbox 222 3983 1531 4616">
     <span class='ocr_line' id='line_1_35' title="bbox 356 3983 1531 4084; baseline -0.002 -25"><span class='ocrx_word' id='word_1_298' title='bbox 356 3995 400 4059; x_wconf 91' lang='lat' dir='ltr'><strong>iili</strong></span> <span class='ocrx_word' id='word_1_299' title='bbox 417 3995 564 4084; x_wconf 87' lang='lat' dir='ltr'><strong>Buohka,</strong></span> <span class='ocrx_word' id='word_1_300' title='bbox 581 3999 691 4079; x_wconf 86' lang='lat' dir='ltr'><strong>itaque</strong></span> <span class='ocrx_word' id='word_1_301' title='bbox 706 3997 799 4063; x_wconf 90' lang='lat' dir='ltr'><strong>uadit</strong></span> <span class='ocrx_word' id='word_1_302' title='bbox 829 3995 873 4063; x_wconf 87' lang='lat' dir='ltr'><strong>ad</strong></span> <span class='ocrx_word' id='word_1_303' title='bbox 906 4003 1036 4082; x_wconf 90' lang='lat' dir='ltr'><strong>pontem</strong></span> <span class='ocrx_word' id='word_1_304' title='bbox 1067 3994 1278 4082; x_wconf 81' lang='lat' dir='ltr'><strong>Zemdyhyda</strong></span> <span class='ocrx_word' id='word_1_305' title='bbox 1309 3999 1467 4074; x_wconf 66' lang='lat' dir='ltr'><strong>uocatum</strong></span> <span class='ocrx_word' id='word_1_306' title='bbox 1529 3983 1531 3988; x_wconf 71' lang='grc'><strong>’</strong></span> 
     </span>
     <span class='ocr_line' id='line_1_36' title="bbox 356 4097 1468 4191; baseline -0.007 -22"><span class='ocrx_word' id='word_1_307' title='bbox 356 4121 420 4185; x_wconf 89' lang='lat' dir='ltr'><strong>quc</strong></span> <span class='ocrx_word' id='word_1_308' title='bbox 436 4111 533 4186; x_wconf 84' lang='lat' dir='ltr'><strong>ponte</strong></span> <span class='ocrx_word' id='word_1_309' title='bbox 549 4103 686 4170; x_wconf 89' lang='lat' dir='ltr'><strong>transito</strong></span> <span class='ocrx_word' id='word_1_310' title='bbox 701 4124 761 4191; x_wconf 90' lang='lat' dir='ltr'><strong>per</strong></span> <span class='ocrx_word' id='word_1_311' title='bbox 778 4103 912 4171; x_wconf 86' lang='lat' dir='ltr'><strong>eandem</strong></span> <span class='ocrx_word' id='word_1_312' title='bbox 942 4123 1061 4187; x_wconf 87' lang='lat' dir='ltr'><strong>aquam</strong></span> <span class='ocrx_word' id='word_1_313' title='bbox 1092 4121 1189 4189; x_wconf 89' lang='lat' dir='ltr'><strong>super</strong></span> <span class='ocrx_word' id='word_1_314' title='bbox 1220 4121 1287 4187; x_wconf 87' lang='lat' dir='ltr'><strong>qua</strong></span> <span class='ocrx_word' id='word_1_315' title='bbox 1317 4108 1364 4169; x_wconf 88' lang='lat' dir='ltr'><strong>est</strong></span> <span class='ocrx_word' id='word_1_316' title='bbox 1390 4097 1468 4164; x_wconf 89' lang='lat' dir='ltr'><strong>idern</strong></span> 
     </span>
     <span class='ocr_line' id='line_1_37' title="bbox 356 4209 1468 4298; baseline -0.005 -24"><span class='ocrx_word' id='word_1_317' title='bbox 356 4230 438 4293; x_wconf 92' lang='lat' dir='ltr'><strong>pons</strong></span> <span class='ocrx_word' id='word_1_318' title='bbox 454 4211 580 4278; x_wconf 84' lang='lat' dir='ltr'><strong>venitur</strong></span> <span class='ocrx_word' id='word_1_319' title='bbox 596 4211 639 4277; x_wconf 93' lang='lat' dir='ltr'><strong>ad</strong></span> <span class='ocrx_word' id='word_1_320' title='bbox 655 4212 761 4278; x_wconf 89' lang='lat' dir='ltr'><strong>locum</strong></span> <span class='ocrx_word' id='word_1_321' title='bbox 778 4213 862 4296; x_wconf 87' lang='lat' dir='ltr'><strong>Seeg</strong></span> <span class='ocrx_word' id='word_1_322' title='bbox 879 4211 1017 4298; x_wconf 81' lang='lat' dir='ltr'><strong>dictum3</strong></span> <span class='ocrx_word' id='word_1_323' title='bbox 1033 4215 1148 4297; x_wconf 84' lang='lat' dir='ltr'><strong>postea</strong></span> <span class='ocrx_word' id='word_1_324' title='bbox 1166 4209 1258 4278; x_wconf 90' lang='lat' dir='ltr'><strong>uadit</strong></span> <span class='ocrx_word' id='word_1_325' title='bbox 1272 4209 1316 4274; x_wconf 89' lang='lat' dir='ltr'><strong>ad</strong></span> <span class='ocrx_word' id='word_1_326' title='bbox 1332 4209 1468 4274; x_wconf 87' lang='lat' dir='ltr'><strong>arborem</strong></span> 
     </span>
     <span class='ocr_line' id='line_1_38' title="bbox 222 4317 1465 4404; baseline -0.002 -20"><span class='ocrx_word' id='word_1_327' title='bbox 222 4339 224 4344; x_wconf 70' lang='grc'>’</span> <span class='ocrx_word' id='word_1_328' title='bbox 357 4319 450 4384; x_wconf 89' lang='lat' dir='ltr'><strong>nucis</strong></span> <span class='ocrx_word' id='word_1_329' title='bbox 467 4325 554 4385; x_wconf 86' lang='lat' dir='ltr'><strong>terra</strong></span> <span class='ocrx_word' id='word_1_330' title='bbox 570 4320 785 4404; x_wconf 63' lang='lat' dir='ltr'><strong>cumulatam</strong></span> <span class='ocrx_word' id='word_1_331' title='bbox 803 4317 923 4386; x_wconf 87' lang='lat' dir='ltr'><strong>abhinc</strong></span> <span class='ocrx_word' id='word_1_332' title='bbox 939 4319 1075 4386; x_wconf 89' lang='lat' dir='ltr'><strong>curritur</strong></span> <span class='ocrx_word' id='word_1_333' title='bbox 1092 4319 1126 4384; x_wconf 93' lang='lat' dir='ltr'><strong>in</strong></span> <span class='ocrx_word' id='word_1_334' title='bbox 1142 4325 1235 4404; x_wconf 88' lang='lat' dir='ltr'><strong>prate</strong></span> <span class='ocrx_word' id='word_1_335' title='bbox 1251 4337 1312 4404; x_wconf 87' lang='lat' dir='ltr'><strong>per</strong></span> <span class='ocrx_word' id='word_1_336' title='bbox 1326 4329 1465 4398; x_wconf 80' lang='lat' dir='ltr'><strong>magnum</strong></span> 
     </span>
     <span class='ocr_line' id='line_1_39' title="bbox 355 4425 1464 4512; baseline 0.001 -22"><span class='ocrx_word' id='word_1_337' title='bbox 355 4425 508 4509; x_wconf 88' lang='lat' dir='ltr'><strong>spacium,</strong></span> <span class='ocrx_word' id='word_1_338' title='bbox 528 4431 560 4492; x_wconf 89' lang='lat' dir='ltr'><strong>et</strong></span> <span class='ocrx_word' id='word_1_339' title='bbox 575 4427 702 4494; x_wconf 90' lang='lat' dir='ltr'><strong>uenitur</strong></span> <span class='ocrx_word' id='word_1_340' title='bbox 717 4426 759 4493; x_wconf 92' lang='lat' dir='ltr'><strong>ad</strong></span> <span class='ocrx_word' id='word_1_341' title='bbox 776 4445 834 4494; x_wconf 86' lang='lat' dir='ltr'><strong>sex</strong></span> <span class='ocrx_word' id='word_1_342' title='bbox 850 4427 982 4494; x_wconf 88' lang='lat' dir='ltr'><strong>arbores</strong></span> <span class='ocrx_word' id='word_1_343' title='bbox 999 4427 1153 4512; x_wconf 87' lang='lat' dir='ltr'><strong>pirorum,</strong></span> <span class='ocrx_word' id='word_1_344' title='bbox 1183 4426 1238 4492; x_wconf 89' lang='lat' dir='ltr'><strong>vbi</strong></span> <span class='ocrx_word' id='word_1_345' title='bbox 1254 4431 1305 4492; x_wconf 85' lang='lat' dir='ltr'><strong>est</strong></span> <span class='ocrx_word' id='word_1_346' title='bbox 1319 4431 1398 4494; x_wconf 84' lang='lat' dir='ltr'><strong>meta</strong></span> <span class='ocrx_word' id='word_1_347' title='bbox 1410 4425 1464 4484; x_wconf 67' lang='lat' dir='ltr'><strong>let·</strong></span> 
     </span>
     <span class='ocr_line' id='line_1_40' title="bbox 356 4529 1462 4616; baseline -0.002 -20"><span class='ocrx_word' id='word_1_348' title='bbox 356 4547 431 4616; x_wconf 72' lang='lat' dir='ltr'><strong>rea,</strong></span> <span class='ocrx_word' id='word_1_349' title='bbox 457 4529 645 4615; x_wconf 89' lang='lat' dir='ltr'><strong>supradicta</strong></span> <span class='ocrx_word' id='word_1_350' title='bbox 661 4540 768 4600; x_wconf 87' lang='lat' dir='ltr'><strong>autem</strong></span> <span class='ocrx_word' id='word_1_351' title='bbox 794 4551 880 4616; x_wconf 87' lang='lat' dir='ltr'><strong>aqua</strong></span> <span class='ocrx_word' id='word_1_352' title='bbox 911 4530 1066 4602; x_wconf 86' lang='lat' dir='ltr'><strong>Drancha</strong></span> <span class='ocrx_word' id='word_1_353' title='bbox 1096 4534 1254 4600; x_wconf 87' lang='lat' dir='ltr'><strong>transitur</strong></span> <span class='ocrx_word' id='word_1_354' title='bbox 1285 4532 1402 4608; x_wconf 85' lang='lat' dir='ltr'><strong>iterato,</strong></span> <span class='ocrx_word' id='word_1_355' title='bbox 1432 4531 1462 4590; x_wconf 87' lang='lat' dir='ltr'><strong>el</strong></span> 
     </span>
    </p>
   </div>
   <div class='ocr_carea' id='block_1_4' title="bbox 0 0 1584 5200">
    <p class='ocr_par' dir='ltr' id='par_1_4' title="bbox 0 0 1584 5200">
     <span class='ocr_line' id='line_1_41' title="bbox 0 0 1584 5200; baseline 0 0"><span class='ocrx_word' id='word_1_356' title='bbox 0 0 1584 5200; x_wconf 95' lang='lat' dir='ltr'><strong> </strong></span> 
     </span>
    </p>
   </div>
  </div>
 </body>
</html>
