3160 5200
877 293 1037 394 jec-

395 489 532 574 hesper
548 486 680 557 eosdem
695 484 781 556 tilios
797 485 923 557 Herriei
940 487 1023 558 Beni
1039 487 1177 558 fuissent
1195 488 1346 560 vlnerati.
1372 489 1503 558 Preterer

396 615 468 664 cunr
484 597 643 681 Magister
658 595 826 665 iohannes
842 595 928 666 filine
945 597 1073 666 Hernici
1089 597 1172 665 Beni
1190 607 1287 686 rupte
1303 599 1400 686 pacis
1416 597 1502 666 federe

394 703 479 770 inter
494 721 555 771 nos
571 709 603 769 et
618 704 726 789 ipsum
736 702 899 790 ordinato,
914 707 1027 772 noetre
1036 703 1241 774 Mxeeilencie
1250 723 1431 792 persenam
1440 723 1503 772 anau

393 809 568 879 temerario
585 809 844 895 impendiuisset,
861 809 948 878 idem
964 807 1080 880 Cernes
1095 811 1219 898 Ogyoa,
1234 820 1272 880 nt
1286 833 1347 881 nos
1358 811 1504 900 possimus

395 914 436 982 de
452 915 595 986 eiusdem
611 915 760 1002 Megiset
784 916 944 985 Jotmnir
959 916 1190 1004 impedimento
1214 917 1360 1008 liberari,
1394 919 1503 987 vrriern

327 1085 333 1102 ,
394 1022 494 1090 filiurn
508 1042 601 1092 snum
617 1021 722 1093 eidem
738 1021 874 1093 tradidit
889 1024 924 1091 in
940 1024 1088 1095 obsidem
1104 1031 1137 1093 et
1153 1028 1323 1095 concessit.
1365 1024 1501 1094 (innuite

393 1128 474 1200 ratis
487 1131 599 1216 itaque
615 1129 797 1200 huiusmodi
811 1131 1019 1200 fidelitatibus
1035 1138 1069 1200 et
1084 1133 1233 1223 seruicijs
1249 1133 1402 1202 eiusdem
1418 1134 1505 1202 (iuni-

392 1237 435 1304 tis
452 1236 565 1323 Ogynn
582 1258 654 1306 curn
670 1257 796 1307 summa
811 1237 969 1308 fidelitate
986 1239 1079 1308 nebia
1093 1239 1257 1326 exhibitis,
1289 1240 1366 1308 iicet
1395 1239 1505 1308 meteri·

394 1347 455 1412 bns
470 1344 587 1429 dignus
603 1345 783 1430 haberetur,
798 1353 947 1432 respectu
963 1347 1175 1415 seruiciorum
1190 1367 1324 1416 suornm
1352 1347 1505 1435 premisse

393 1471 464 1518 rum
480 1450 638 1536 quasdam
655 1451 752 1519 viltas
783 1473 841 1521 sen
872 1453 987 1539 predia
1016 1453 1188 1540 Reginsiia
1218 1455 1251 1522 in
1282 1454 1446 1522 Comitatn
1471 1451 1505 1518 de

394 1559 573 1627 Wereuehe
589 1559 780 1646 existentia,
797 1557 955 1647 Luehyne
971 1565 1003 1628 et
1018 1560 1195 1630 Writeneir
1213 1569 1343 1645 sceau,
1366 1581 1436 1628 enm
1451 1559 1505 1626 snis

394 1666 585 1736 utilitatibus
602 1672 633 1734 et
650 1667 862 1753 pertineneijs
878 1668 1048 1750 uniuersis,
1065 1678 1161 1754 prout
1176 1669 1220 1736 ad
1235 1669 1426 1756 ReadnaIern
1444 1687 1505 1755 per·

394 1770 618 1862 tinebat(1gy)
636 1775 850 1859 Maiestatem,
868 1775 912 1842 ab
928 1775 1041 1843 endem
1058 1775 1220 1845 Gemitetn
1236 1787 1376 1862 excepta
1391 1776 1506 1862 penitus

396 1888 429 1948 et
445 1887 605 1968 exempta,
632 1879 736 1949 eidem
761 1879 878 1950 domiti
894 1881 1018 1968 Ogyoe,
1049 1890 1082 1950 et
1099 1902 1157 1970 per
1172 1903 1245 1952 eum
1261 1883 1330 1951 suis
1346 1883 1504 1951 heredibus

396 1987 617 2073 heredumque
647 2008 779 2056 suorum
809 1989 1049 2058 suecessoribus
1079 1990 1239 2078 dedimus,
1270 1990 1457 2058 denanimns
1478 1995 1504 2055 et

393 2094 590 2163 contulimus
607 2095 676 2164 iure
690 2103 849 2180 perpetuo
866 2100 898 2163 et
914 2095 1170 2165 irreuoeebiliter
1186 2097 1388 2183 possidenda
1404 2105 1433 2164 et
1455 2095 1503 2162 ha·

397 2201 513 2269 tuenda.
531 2203 574 2270 vt
589 2202 689 2286 igitur
704 2201 798 2270 huius
816 2211 927 2270 nostre
943 2202 1130 2271 donacionis
1146 2223 1205 2271 seu
1220 2201 1504 2272 cellaeienisserier

395 2311 489 2378 selua
504 2315 538 2376 et
551 2308 744 2377 inconcussa
759 2316 959 2397 permaneat,
990 2329 1052 2379 nec
1067 2329 1219 2397 processu
1251 2317 1428 2395 temporum
1456 2327 1506 2394 per

341 2437 342 2442 ¹
396 2414 580 2500 quempiam
597 2417 631 2483 in
648 2415 776 2485 irritum
793 2415 896 2502 possit
911 2416 964 2485 nel
995 2419 1107 2486 vulcat
1136 2416 1318 2501 retraetari,
1349 2422 1505 2503 presentes

395 2522 610 2590 concessimus
642 2524 769 2592 litteras
793 2523 958 2610 dupplieis
983 2523 1086 2610 sigilli
1111 2528 1211 2593 neetri
1234 2523 1412 2592 munimine
1425 2522 1505 2589 robe

394 2635 493 2696 retas.
531 2631 652 2696 Datum
690 2649 749 2716 per
788 2649 904 2698 manus
951 2631 1085 2700 disereti
1125 2632 1187 2698 viri
1228 2629 1377 2716 Magistri
1414 2628 1505 2698 ‘iiten

397 2736 467 2802 dori
486 2736 646 2822 Prepoaiti
663 2736 826 2819 Albensia,
841 2737 919 2804 aule
935 2743 1043 2806 nostre
1059 2735 1332 2822 ViceOaneeiiarij
1353 2734 1454 2804 dilecti
1477 2741 1504 2800 et

394 2844 501 2911 fidelis
516 2845 615 2911 nostri
631 2863 719 2914 anne
734 2843 864 2910 Domini
876 2833 1053 2913 millesime
1070 2843 1291 2916 ducentesimo
1306 2841 1503 2927 nonagesimo

395 2952 546 3041 secundo,
564 2959 655 3020 sexte
671 2949 832 3020 kalendas
849 2950 1045 3042 Decembris,
1065 2954 1169 3038 Regni
1191 2960 1299 3022 eutem
1315 2949 1411 3020 nesti
1425 2967 1503 3015 anne

394 3061 504 3127 tercio.

397 3255 537 3318 (Mrsdctie
557 3256 740 3324 bdrhtrtydn,
760 3259 878 3322 melyrdi
898 3273 916 3308 a
934 3257 1026 3322 pecset
1038 3257 1172 3310 tdredeke
1184 3261 1267 3310 vitriis
1281 3257 1501 3325 seiyemmindrcn

622 3348 694 3413 iitgg
704 3364 712 3412 ;
731 3362 749 3397 a
766 3345 853 3398 budai
872 3348 924 3402 kir.
943 3348 1069 3400 kamanui
1088 3349 1288 3415 lsrtlttrban.)
