3142 5198
896 371 961 438 438

850 461 1008 472 ,ὴν-ι...-

893 707 967 777 370.
1045 781 1047 784 .

364 904 385 968 1
390 901 427 967 V.
460 905 574 970 Leiszld
605 905 781 991 leirer'lpuolo
804 903 917 985 Stude,
949 905 1097 995 Sdpoiole
1124 910 1156 972 e'a
1182 907 1284 972 Deltae
1300 907 1474 992 helyalpelret

365 1014 523 1096 to'rpyazo'
538 1017 607 1079 uada
624 1015 879 1101 adouto'nyleoele
904 1037 1096 1101 appanowa
1121 1011 1254 1101 Gydrpp
1285 1027 1395 1081 mester
1415 1019 1474 1080 aui·

814 1126 919 1188 utera.
938 1124 1036 1190 1285.

472 1315 643 1384 Ladialaus
684 1315 748 1383 Dei
776 1317 890 1402 gracia
922 1317 1098 1404 Hungarie,
1131 1319 1312 1406 Dalmacie,
1344 1315 1475 1402 Croacie,

365 1425 476 1508 Rame,
508 1423 630 1508 Seruio,
661 1421 811 1510 Gallicie,
842 1422 1041 1508 Lodomerie,
1077 1425 1232 1494 Cumania
1271 1425 1476 1511 Bnlgarieqre

363 1531 433 1597 Rex
449 1531 598 1598 omnibus
622 1551 757 1619 presens
787 1534 923 1617 sriptum
953 1532 1145 1618 inspecturis
1176 1533 1317 1601 salutem
1349 1534 1382 1599 in
1411 1553 1476 1600 uero

363 1640 536 1706 saluatore.
560 1639 702 1707 Prouida
716 1641 842 1725 Regum
858 1637 1014 1708 discrecio
1030 1647 1098 1706 tam
1115 1642 1383 1727 circumspectam
1408 1661 1476 1725 erga

363 1743 500 1813 fideliter
515 1747 577 1813 sibi
594 1747 790 1815 famulantes
808 1748 903 1815 debet
917 1747 1037 1816 babere
1053 1745 1273 1836 diligenciam,
1306 1757 1343 1816 vt
1368 1755 1476 1833 quanto

365 1855 437 1937 quis
452 1853 581 1923 fidelius
596 1853 657 1923 sibi
675 1855 858 1940 famulatur,
874 1861 965 1923 tanto
980 1858 1176 1944 propensius
1191 1856 1411 1925 munificencic
1428 1873 1477 1922 sue

366 1960 460 2028 donis
478 1961 729 2030 remunerandus
746 1962 817 2031 lore
833 1967 1013 2032 censeatur.
1052 1962 1190 2032 Proinde
1206 1963 1249 2031 ad
1266 1963 1477 2032 vniuersoran

365 2067 520 2134 noticiam
538 2067 651 2136 barum
667 2070 751 2138 serie
767 2070 915 2139 uolumus
945 2071 1126 2157 peruenire,
1158 2070 1246 2157 quod
1277 2068 1477 2138 consideratis

364 2173 572 2243 fidelitatibus
588 2183 620 2244 et
634 2178 843 2246 berniciorum
860 2178 991 2265 meritis,
1019 2199 1081 2263 que
1097 2179 1191 2248 nobis
1206 2180 1364 2263 Magister
1390 2176 1476 2244 Geor·
1551 2239 1552 2242 ,

364 2283 438 2366 gius
455 2282 543 2352 tilius
559 2283 712 2373 Symonis
727 2293 804 2372 post
818 2287 941 2355 obitum
957 2287 1123 2355 karissimi
1140 2287 1241 2374 patris
1265 2287 1381 2374 nostri,
1411 2285 1477 2350 dun
1549 2243 1552 2320 ¹

362 2392 467 2476 Regni
484 2411 594 2460 sumus
610 2394 832 2478 gubernacula
848 2395 969 2484 adepti,
1001 2395 1151 2481 idemque
1167 2397 1199 2462 in
1216 2395 1358 2464 diuersis
1383 2395 1476 2478 Regni
1546 2321 1552 2464 Ι

364 2499 465 2565 nostri
482 2500 747 2586 expedicionibus
765 2501 952 2571 fidelitatem
970 2504 1094 2572 Corone
1111 2503 1211 2589 Regia
1242 2503 1387 2571 debitam
1416 2508 1476 2568 tota

363 2599 723 2697 alacritate'exbybuit3
749 2631 814 2695 quc
830 2631 887 2697 per
903 2611 1035 2695 singula
1060 2611 1194 2697 longum
1220 2618 1308 2680 esset
1339 2611 1477 2693 recitare,

363 2723 395 2780 et
411 2718 614 2798 presentibus
629 2719 728 2786 inseri
744 2720 914 2807 tediosam,
941 2727 1051 2787 lamen
1068 2720 1230 2806 paneade
1246 2719 1393 2804 pluribus
1417 2736 1477 2803 pre·

363 2824 507 2894 sentibus
523 2827 673 2896 duximus
690 2827 886 2898 annotanda.
910 2829 1018 2898 Primo
1034 2828 1193 2916 videlieet,
1208 2849 1308 2913 quum
1324 2825 1477 2896 Rolandus
1547 2833 1552 2916 l

363 2932 449 3002 filius
464 2935 558 3002 Marlr
574 2957 633 3021 per
649 2957 742 3005 suam
759 2937 983 3006 infidelitatem
999 2946 1120 3006 terram
1137 2947 1279 3007 nostram
1297 2936 1476 3024 Scepusien·
1551 2937 1552 2970 ³

362 3063 440 3130 sem,
458 3065 607 3114 unacum
626 3046 768 3135 Gylnich
783 3047 887 3135 Bana,
904 3055 935 3114 et
950 3044 1071 3115 terram
1088 3047 1157 3133 Myr
1173 3048 1260 3116 ultra
1292 3053 1414 3135 partem
1443 3042 1477 3109 de
1551 3101 1552 3126 ξ

363 3153 507 3238 Thyrael
524 3173 626 3238 usque
656 3153 698 3219 ad
731 3163 856 3242 partem
887 3157 1157 3225 Transsiluanam
1190 3164 1302 3224 eontra
1335 3155 1475 3222 Nostram
1550 3173 1552 3179 ·

362 3260 499 3345 Regiam
541 3261 744 3330 Maiestatem
782 3264 1008 3350 potencialiter
1045 3273 1219 3362 occuparet
1256 3271 1288 3332 et
1319 3259 1476 3336 detineret,
1549 3259 1552 3350 J

361 3369 465 3436 dictus
482 3369 638 3454 Magister
655 3371 815 3458 Georgius
852 3393 916 3440 vna
940 3395 1010 3440 sum
1037 3373 1114 3460 alijs
1146 3373 1328 3441 Beronibus
1360 3368 1474 3448 nostris,

361 3476 514 3546 videlicet
529 3498 601 3546 curn
617 3480 774 3565 Magistro
790 3481 888 3550 Finta
904 3482 943 3550 de
959 3492 1113 3571 precepto
1128 3489 1250 3570 nostro,
1282 3481 1359 3548 dnm
1375 3484 1476 3548 contra

360 3586 469 3672 ipsum
493 3587 650 3674 irruisset,
676 3589 762 3656 idem
794 3589 959 3658 Rolandus
991 3593 1024 3658 in
1057 3592 1169 3660 eodem
1203 3590 1351 3659 conflictu
1381 3585 1476 3657 extitit

363 3694 585 3783 interemptus.
612 3697 711 3765 (iuius
727 3705 803 3783 post
827 3706 961 3766 mortem
994 3707 1152 3784 cognatus
1184 3697 1329 3768 eiusdem
1360 3696 1476 3765 nomine
1551 3757 1552 3766 ,

362 3799 549 3888 Gregorius,
568 3825 639 3872 cum
656 3802 801 3890 predicta
817 3815 1006 3894 occupar·et;
1032 3807 1117 3875 idem
1145 3807 1300 3892 Magister
1326 3803 1474 3888 Georgius
1551 3871 1552 3888 ξ

361 3930 433 3978 oum
450 3912 527 3997 alijs
544 3911 663 3980 nostris
679 3913 827 3982 fidelibus
854 3922 965 3983 contra
995 3915 1101 4003 ipsum
1133 3916 1271 3985 viriliter
1302 3907 1473 3982 dimicando
1550 3981 1551 3984 ,

361 4017 543 4103 captiuauit
560 4020 706 4109 eundern,
724 4029 755 4088 et
771 4021 864 4089 nobis
880 4022 1025 4108 adduxit,
1041 4044 1135 4110 quem
1153 4045 1211 4093 uos
1242 4031 1371 4112 propter
1394 4038 1473 4088 snam
1550 4089 1552 4094 ,

361 4124 584 4195 infidelitatem
623 4129 759 4196 fecimus
799 4129 964 4198 decollari.
1011 4130 1160 4201 Ueterum
1199 4135 1231 4201 in
1272 4129 1472 4220 expedicione
1550 4167 1552 4224 j

361 4239 482 4320 nostra,
499 4255 595 4319 quam
613 4235 784 4304 babuimus
800 4246 913 4307 contra
939 4242 1062 4326 Regem
1079 4243 1301 4330 Bobemorum,
1320 4261 1390 4312 com
1405 4257 1472 4306 enn-
1550 4235 1552 4324 ἴ

362 4342 435 4410 dem
463 4343 656 4426 Magistrum
683 4347 858 4431 Georgium
888 4349 931 4416 ad
946 4348 1112 4418 sciendum
1129 4358 1162 4418 el
1181 4351 1351 4419 videndum
1366 4346 1471 4418 ererei-
1550 4347 1552 4428 J

362 4458 428 4517 turn
460 4451 603 4520 eiusdem
635 4454 848 4542 misissemus,
880 4477 977 4524 ruum
1004 4478 1142 4528 cuneum
1169 4459 1326 4529 exercitus
1342 4457 1471 4527 eiusdem
1549 4453 1552 4528 i

363 4569 439 4626 ante
464 4557 735 4630 acceleracionern
752 4573 895 4634 nostram
912 4567 1048 4634 viriliter
1063 4569 1248 4658 debellauit,
1276 4577 1308 4637 et
1325 4578 1387 4638 tres
1403 4561 1470 4631 mili·
1550 4553 1552 4638 ᾗ

362 4675 410 4736 tes
426 4667 558 4739 honesto
574 4679 717 4741 armatos
733 4673 891 4746 Bobemos
908 4697 980 4744 cum
996 4678 1137 4764 ipsorum
1154 4677 1327 4775 dextrarijs
1342 4681 1374 4746 in
1403 4690 1468 4744 areo
1550 4659 1552 4724 l
