3162 5200
550 327 711 426 juu-

15 541 17 560 2
85 543 135 607 pus
150 521 305 606 quondam
324 522 484 608 Tragurij,
501 524 601 607 longa
617 522 860 608 supportatione
885 519 1079 606 pontificalis
1096 525 1196 591 sarci-

84 653 116 696 ue
129 630 277 714 fatigatus
311 630 354 696 ad
370 652 441 696 cam
459 632 593 698 ulterius
609 630 826 698 sufferendam
853 629 1023 696 debilitate
1039 632 1141 698 multa
1156 650 1197 698 ex

82 737 238 804 incurabili
267 738 454 806 infirmitate
485 739 609 824 proprij
642 740 796 826 corporis,
823 758 919 822 quam
939 738 1083 822 incurrit,
1100 759 1140 805 ac
1157 756 1196 804 ex

15 871 16 876 ¹
81 847 167 933 senio,
195 845 237 910 ad
262 844 349 928 quod
367 846 431 911 iam
450 841 588 926 deuenit,
604 843 791 930 specialiter
816 845 1012 932 procedente
1030 851 1196 927 grauatus,

81 955 118 1018 ad
140 954 277 1038 regimen
305 953 493 1023 Presulatus
510 951 608 1038 oflicij
627 973 663 1020 se
680 975 743 1020 non
765 974 860 1039 posse
886 953 1037 1022 sufficere
1069 971 1197 1020 asseue-

15 1093 17 1148 2
81 1083 155 1146 rans,
184 1081 223 1127 ex
246 1063 316 1127 zelo
333 1080 398 1145 quo
415 1082 493 1146 erga
518 1061 700 1128 Ecclesiam
716 1060 964 1146 Traguriensem
981 1063 1196 1128 commissum·

15 1253 16 1264 ,
81 1167 206 1253 quesibi
233 1167 432 1237 dominicum
466 1189 594 1255 gregem
628 1169 786 1254 feruebat,
820 1169 982 1236 dimittere
1013 1167 1197 1236 huiusmodi

82 1277 204 1343 offcium
244 1277 460 1345 Pontificatus
493 1280 601 1362 elegit,
634 1298 675 1346 ne
710 1298 770 1363 per
795 1279 864 1345 cius
891 1276 1115 1363 impotentiam
1145 1276 1198 1342 vel

15 1453 17 1474 ,
83 1384 224 1452 defectum
244 1384 349 1470 ipsius
366 1387 475 1470 gregis
494 1394 550 1454 aut
566 1386 716 1453 Ecclesia
730 1392 843 1472 posset
857 1386 1052 1471 profectibus
1069 1404 1196 1468 quomo-

15 1481 17 1570 ῗ
84 1494 189 1560 delibet
218 1491 387 1577 deperire;
410 1498 533 1562 attente
558 1494 727 1577 postulans
757 1492 937 1560 cessionem
963 1492 1032 1560 eius
1059 1512 1080 1558 a
1104 1491 1200 1558 nobis

84 1601 179 1688 recipi,
194 1600 322 1683 sibique
341 1599 388 1667 sie
404 1600 496 1686 lapso
512 1601 632 1686 quietis
656 1603 770 1684 locum,
798 1620 894 1685 quern
925 1620 985 1667 sua
1016 1599 1201 1684 requirebat

85 1707 220 1792 conditio,
261 1707 437 1791 benignius
477 1707 640 1794 indulgeri
680 1709 799 1776 volenti
841 1709 997 1794 premissa
1028 1707 1070 1774 de
1100 1725 1201 1774 cause

15 1807 16 1812 ’
86 1816 219 1901 regimini
236 1817 386 1883 Ecclesie
402 1815 517 1884 cedere
547 1818 714 1902 prelibata.
749 1817 848 1884 Ceius
879 1816 1056 1883 cessionem
1087 1825 1201 1900 sponte

15 1973 17 2010 ζ
85 1925 223 2009 oblatam,
255 1933 334 2009 post
364 1924 553 2012 multiplicis
585 1934 693 1992 tamen
709 1925 956 2012 supplicationis
974 1923 1201 1990 instantiama

15 2079 17 2128 Ξ
86 2033 191 2100 dilecto
223 2033 289 2099 tilio
318 2033 478 2100 Geruasio
494 2033 732 2100 Arcbidiaeono
750 2032 972 2118 Traguriensi,
998 2039 1029 2098 et
1055 2031 1201 2098 Oliuerio

15 2153 17 2160 ’
86 2139 227 2208 blonacbo
259 2140 394 2208 Ordinis
425 2140 538 2208 Sancti
561 2141 726 2209 Benedicti
760 2139 938 2227 Capeliano
955 2139 1057 2224 ipsius
1073 2136 1201 2206 Colum-

86 2251 154 2315 bani
187 2248 363 2334 Episcopi,
411 2247 606 2315 habentibus
644 2248 686 2314 ab
725 2268 762 2315 ec
796 2247 839 2313 ad
877 2245 1054 2316 cedendum
1093 2247 1201 2313 buius·

87 2355 161 2422 nodi
191 2356 345 2442 regimini
376 2354 541 2422 sufficiens
573 2365 605 2423 et
637 2357 780 2442 speciale
821 2354 1019 2440 mandatum,
1052 2355 1203 2422 duximus

88 2465 334 2548 admittendam
360 2463 470 2548 sicque
487 2464 673 2550 prouisione
691 2465 838 2533 Ecclesie
855 2464 1010 2552 predicte,
1034 2482 1096 2547 que
1112 2463 1153 2528 ob
1172 2460 1203 2525 id

87 2572 215 2658 pastoris
246 2571 385 2640 carebat
415 2575 540 2655 solatio,
558 2571 592 2636 in
609 2572 833 2657 dispositionis
859 2577 966 2638 nostre
982 2570 1114 2639 arbitrio
1131 2589 1204 2636 eon·

88 2683 216 2768 sistente,
227 2701 288 2748 nos
300 2679 389 2747 felici
401 2678 603 2747 ordinacioni
619 2680 763 2747 eiusdem
780 2679 934 2767 Ecclesie,
952 2701 1049 2764 quarn
1067 2684 1202 2766 paterno

88 2791 250 2875 aspicimus
283 2787 378 2856 oculo
410 2789 550 2872 pietatis,
583 2798 615 2856 et
645 2791 786 2873 gerimus
828 2789 926 2856 etiam
958 2789 991 2852 in
1024 2786 1202 2854 visceribus

88 2899 232 2983 caritatis,
250 2895 444 2980 diligentius
460 2896 657 2980 insistentes,
676 2914 807 2983 operam
833 2895 982 2964 dedimus
1006 2893 1202 2974 festinatam,

16 3017 18 3038 l
89 3009 117 3068 ut
131 3005 189 3089 ipsi
204 3005 353 3072 Ecclesie
369 3023 507 3089 persona
523 3006 614 3071 iuxta
630 3025 682 3070 cor
703 3010 847 3072 nostrum
867 3002 997 3088 ydonee
1013 3000 1205 3086 preficietur,

16 3157 18 3208 ἰ
88 3111 225 3178 ncillam
242 3113 415 3180 viduitatis
430 3113 668 3181 incommodum
701 3111 821 3179 diutius
854 3112 923 3196 peti
954 3111 1157 3193 contingeret
1173 3109 1207 3173 iu

16 3225 18 3310 l
88 3239 170 3285 sunm
201 3220 419 3306 spiritualiter
449 3219 499 3286 vel
516 3221 736 3306 temporaliter
768 3219 945 3306 periculum
973 3223 1006 3285 et
1020 3217 1205 3283 discrimen.

16 3321 17 3394 ἷ
90 3326 173 3394 Vnde
187 3328 229 3392 ad
246 3348 425 3413 personam
441 3325 553 3394 dilecti
570 3327 626 3412 filij
647 3327 806 3395 lobannis
837 3327 938 3392 Elceti
969 3325 1205 3411 Traguriensis,

16 3425 18 3504 ζ
89 3441 156 3500 turne
170 3434 337 3519 Prepesiti
353 3434 496 3502 Ecclesie
511 3435 552 3502 dc
569 3433 754 3521 Erigorissa
764 3434 997 3520 Zagrabieusis
1013 3431 1159 3501 Diocesis
1176 3436 1209 3497 et

16 3541 18 3618 ῗ
90 3537 234 3607 Canonici
246 3541 515 3630 cerosolimicani,
529 3542 593 3609 fide
603 3563 643 3612 ae
654 3543 825 3610 deuotione
834 3543 1012 3628 probatam,
1029 3538 1209 3625 quamcha·

17 3673 19 3716 ρ
89 3648 247 3718 ritatiuum
258 3647 414 3716 affectum
425 3648 548 3720 habere
557 3671 622 3718 non
635 3651 831 3736 ambigimus
841 3669 918 3736 erga
927 3647 1210 3736 plebemsuoregi-

17 3781 18 3786 ¹
90 3755 160 3822 nini
176 3757 449 3843 commendatam,
465 3757 654 3844 Apostoliee
669 3758 939 3827 considerationis
963 3755 1117 3824 intuitum
1134 3753 1209 3822 diri·

17 3853 18 3936 Ῐ
91 3871 205 3950 gentes,
237 3866 347 3950 ipsum
367 3867 468 3934 virum
490 3867 717 3952 multiplicium
739 3867 923 3935 decoratum
938 3865 1095 3932 varietate
1111 3861 1210 3928 virtu·

91 3979 160 4050 tum,
173 3972 367 4040 enitentium
378 3973 562 4041 redimitum
573 3974 723 4059 insigniis
734 3975 929 4056 meritorum,
947 3971 979 4036 in
990 3967 1212 4056 spiritualibus

17 4119 19 4174 †
90 4099 211 4164 quoque
243 4088 277 4148 et
292 4082 525 4168 temporalibus
551 4084 827 4170 circumspectum,
855 4085 950 4167 prout
975 4077 1210 4162 fidediguorum

17 4209 19 4262 ξ
90 4189 219 4255 auctio
236 4208 297 4256 nos
314 4187 477 4275 instruxit,
493 4191 532 4256 dc
549 4190 683 4258 fratrum
700 4196 881 4258 nostrorum
898 4186 1044 4272 consilio,
1077 4189 1110 4253 ct
1124 4187 1209 4270 lipo-

17 4297 18 4302 ’
90 4295 196 4362 stolice
227 4297 431 4383 plenitudine
455 4300 638 4384 potestatis,
666 4297 772 4363 eidem
789 4296 936 4364 Ecclesie
951 4295 1161 4376 Traguriensi
1179 4292 1211 4357 iu

17 4401 18 4408 ’
92 4400 148 4466 Dei
177 4405 308 4472 nomine
338 4405 371 4470 in
402 4405 597 4491 Episcopum
632 4404 825 4493 prefecimus
856 4411 889 4470 ct
919 4405 1092 4489 pastorem,
1124 4399 1212 4466 illius

93 4528 193 4577 curam
210 4513 244 4578 iu
261 4513 488 4599 spiritualibus
499 4518 530 4580 ct
540 4513 770 4600 temporalibus
787 4509 891 4580 eidem
908 4505 1050 4578 Jobanni
1067 4507 1212 4594 plenarie

18 4645 19 4710 j
94 4619 337 4700 committentem
362 4641 421 4706 spe
437 4621 530 4688 firma
546 4626 714 4708 concepta,
728 4619 814 4703 quod
833 4619 983 4687 Ecclesia
997 4618 1072 4703 ipsa
1088 4615 1212 4690 Diuina
