3162 5200
858 361 1018 464 „Q

373 557 548 627 comitante
568 556 677 641 gratia
691 576 751 644 per
766 579 860 627 suam
879 559 1072 630 industriam
1088 564 1121 628 et
1136 559 1355 650 perspicacem
1379 561 1486 649 prodeo

376 668 456 733 tiam
471 673 566 753 grata
581 666 615 732 in
631 665 776 750 utrisque
792 664 962 735 felicitatis
993 667 1153 754 suscipiat
1182 669 1396 742 incrementa.
1424 669 1485 750 Quo

375 777 463 844 circa
493 775 693 844 universitati
727 781 835 843 vestre
850 795 909 861 per
924 777 1115 864 Apostolica
1129 777 1248 866 scripta
1263 779 1413 848 districte
1426 800 1487 867 pre·

372 885 523 972 cipiendn
539 883 742 972 mandamus,
757 891 918 970 quatenus
938 885 1075 956 eundem
1107 885 1265 956 Johanem
1290 888 1436 956 Electum
1450 888 1486 956 ad

372 993 575 1062 commissam
606 993 671 1061 sibi
701 993 882 1062 Ecclesiam
913 1013 985 1064 cum
1003 993 1236 1065 benedictionis
1260 1005 1372 1066 nostre
1389 998 1486 1083 gratia
1580 1024 1581 1039 2

373 1103 553 1173 uenientem
570 1100 734 1188 condigno
748 1101 962 1190 suscipientes
979 1101 1109 1191 bonore,
1127 1110 1160 1172 et
1177 1111 1333 1189 tanquam
1366 1105 1447 1192 patri
1460 1111 1488 1173 et

373 1210 496 1298 pastori
528 1210 708 1278 animarum
740 1217 917 1280 vestrarum
960 1211 1126 1280 humiliter
1165 1211 1351 1300 intendetis,
1383 1231 1422 1279 ac
1447 1211 1489 1280 illi

374 1319 562 1388 exhibentes
577 1317 798 1387 obedientiam
814 1325 847 1387 et
863 1319 1077 1387 reverentiam
1109 1317 1252 1388 debitam
1273 1324 1305 1388 et
1336 1318 1489 1408 deuotam,

373 1427 519 1495 salubris
549 1426 620 1494 eins
651 1426 777 1496 monita
791 1430 825 1492 et
840 1425 998 1496 mandata
1029 1426 1188 1495 studeatis
1203 1426 1321 1496 deuote
1335 1427 1489 1516 suscipere

373 1553 413 1604 ac
443 1535 616 1605 efficaciter
645 1533 836 1622 adimplere.
867 1533 1022 1620 Alioquin
1054 1534 1261 1620 sententiam,
1298 1556 1398 1622 quam
1426 1537 1489 1623 ipse

373 1652 504 1733 propter
521 1642 582 1712 hoc
599 1644 661 1712 rite
676 1644 783 1712 tulerit
797 1643 833 1711 in
848 1644 995 1731 rebelles,
1012 1650 1116 1713 ratam
1131 1644 1334 1733 babebimus,
1352 1655 1386 1714 et
1401 1645 1488 1714 lacie-

374 1773 444 1821 mns
474 1759 610 1822 auctore
640 1752 779 1821 Domino
809 1772 912 1837 usque
945 1754 988 1820 ad
1020 1752 1274 1822 satisfactionem
1305 1753 1488 1838 condignam

373 1861 596 1948 appellatione
627 1869 750 1930 remota
764 1861 996 1930 inuiolabiliter
1012 1861 1187 1931 obseruari.
1208 1862 1329 1932 Datum
1345 1863 1487 1931 Laterani

374 1970 429 2036 lV.
447 1989 549 2038 nonas
565 1969 643 2056 biaij
661 1969 872 2038 Pontificatns
888 1968 989 2038 nostri
1006 1989 1092 2037 anno
1108 1969 1221 2057 primo.

608 2168 726 2230 (sarlati
744 2169 891 2234 illyricum
914 2168 1031 2224 Sacrum
1043 2168 1093 2224 1v.
1106 2169 1165 2224 lrdt.
1179 2173 1239 2220 357.
1252 2171 1284 2234 l.)

801 2457 1065 2468 *uu—*—

899 2994 973 3063 149.

304 3249 306 3252 .
370 3197 457 3262 XXI.
472 3197 575 3264 Jdaos
585 3196 677 3280 papa
691 3218 714 3260 a
736 3197 835 3260 rtmrai
860 3195 1104 3261 donwlcosreadi
1133 3197 1355 3263 monostorbco
1379 3196 1490 3262 eluces
1580 3148 1581 3169 ἶ

530 3312 584 3368 tctt
599 3302 904 3371 bataimasicodctsok
919 3305 1014 3370 indat
1030 3303 1221 3369 iotdeltedc'lc.
1239 3303 1333 3372 1276.

476 3498 640 3569 Jobannes
670 3498 851 3585 Episcopus
881 3520 994 3570 seruus
1025 3519 1192 3570 seruorum
1224 3499 1286 3567 Dei
1312 3497 1490 3569 venerabili

366 3608 460 3676 fratri
476 3655 484 3674 .
503 3657 536 3674 ..
560 3607 816 3695 Arcbiepiscopo
847 3608 1000 3678 Jadrensi
1041 3611 1179 3678 salutem
1209 3613 1242 3674 et
1273 3607 1490 3693 Apostolicam
1523 3610 1526 3618 ’

366 3713 635 3784 benedictionem.
666 3715 734 3786 Sua
766 3718 858 3786 nobis
890 3717 998 3785 dilecti
1030 3715 1086 3805 irlij
1120 3717 1213 3785 Prior
1242 3720 1275 3782 et
1306 3713 1489 3784 Conuentm

368 3821 501 3891 Ordinis
526 3823 771 3892 Predicatorum
803 3825 973 3894 Jadrensis
1003 3825 1234 3909 conquestione
1264 3826 1491 3906 monstrarunt,

366 3932 453 4016 quod
484 3930 559 4000 licet
589 3953 649 4022 per
678 3935 804 4002 litteras
836 3933 931 4002 Sedis
961 3925 1151 4021 Apostolice
1182 3933 1224 4000 sit
1256 3929 1439 4016 inhibitum,
1456 3939 1491 3994 ut

366 4039 474 4107 nullus
489 4039 655 4109 Ecclesiae
670 4046 728 4109 ant
742 4042 817 4110 loca
832 4041 971 4111 fratrum
986 4041 1123 4128 predicti
1138 4039 1269 4108 Ordinis
1283 4057 1368 4105 ausu
1393 4045 1489 4104 teme·

366 4149 453 4216 racio
469 4155 634 4234 presumat
649 4147 834 4239 infringere,
861 4153 968 4221 autin
984 4150 1048 4218 illis
1064 4149 1253 4219 violentiam
1271 4145 1490 4214 damnabilem

367 4274 536 4342 exercere;
560 4275 600 4323 ac
616 4260 782 4346 statutum,
799 4265 834 4326 nt
849 4257 909 4342 illi,
935 4259 989 4344 qui
1021 4254 1201 4344 postposito
1233 4253 1348 4322 timore
1379 4251 1490 4319 Diuioi

366 4361 516 4431 Numinis
547 4381 641 4431 secus
671 4363 779 4433 facere
794 4363 1057 4453 presumpserint,
1092 4364 1163 4448 ipso
1180 4361 1267 4429 facto
1293 4358 1490 4428 sententiam

366 4470 710 4539 excommunicationis
728 4474 939 4560 incurrente
955 4493 1019 4557 qua
1034 4491 1098 4540 non
1115 4469 1241 4556 possint
1272 4467 1410 4552 absolui,
1426 4465 1490 4534 nisi

365 4597 423 4661 per
454 4577 594 4646 eandam
627 4580 756 4671 Sedem,
773 4583 825 4651 vel
841 4581 1109 4651 conseruatorem
1126 4581 1169 4646 ab
1184 4578 1258 4664 ipsa
1273 4575 1370 4644 dictis
1386 4574 1489 4644 iratri-

365 4684 425 4754 bus
441 4693 499 4754 aut
515 4685 620 4756 eidem
637 4689 752 4758 Ordini
766 4691 956 4780 deputatum
972 4716 981 4779 ;
998 4673 1126 4758 Marcus
1149 4693 1258 4754 tamen
1274 4690 1307 4752 et
1337 4679 1487 4752 Michael-
