3160 5200
377 521 535 598 tanquam
551 512 640 580 socio
656 532 714 580 suo
729 511 917 600 confideret,
933 513 1020 580 idem
1036 512 1193 596 Magister
1204 511 1356 598 Mychaei
1374 514 1492 596 priuile-

334 627 338 634 “
378 619 467 704 gium
484 618 546 686 snb
563 617 669 703 sigilio
684 637 744 685 suo
759 637 859 705 snper
874 617 962 687 iacto
979 619 1124 705 predicte
1148 620 1366 704 possessionis
1392 630 1492 709 contra

380 727 510 796 easdem
528 724 675 794 dominas
690 743 819 794 sorores
836 725 960 812 absque
975 746 1033 796 sno
1049 726 1133 793 scitu
1150 733 1183 794 et
1210 746 1375 794 consensu
1402 725 1493 792 eidem

380 831 498 900 (inmiti
513 831 636 900 Jacobo
652 830 782 900 dedisse
797 832 957 901 diceretur
973 831 1057 901 saiso
1074 832 1168 899 modo
1186 840 1217 898 ct
1231 832 1367 918 penitus
1391 841 1494 899 contus

371 940 450 1024 jnra
466 965 474 1026 5
496 938 581 1008 unde
598 939 626 1006 si
642 939 689 1005 ita
704 947 790 1008 essct
804 941 889 1008 sicut
904 937 1075 1028 diceretur,
1091 939 1301 1025 priuilegium
1318 938 1380 1005 sub
1396 939 1492 1024 sigillo

379 1065 438 1113 sno
454 1051 568 1127 contra
583 1033 715 1114 medem
730 1043 879 1114 dominas
895 1067 1024 1115 sorores
1039 1067 1136 1132 snper
1154 1047 1240 1113 facto
1259 1046 1408 1112 eiusdem
1433 1064 1494 1131 poa

376 1151 531 1220 sessionis
548 1151 671 1239 Vaynic
686 1173 744 1238 per
759 1152 896 1220 eundem
912 1151 1069 1220 Comitem
1084 1153 1242 1220 Jacobum
1255 1151 1492 1237 porhoiusmodi

377 1257 538 1346 incudem,
555 1257 761 1326 dolositatem
778 1265 811 1325 et
826 1258 991 1326 maliciam
1009 1261 1174 1326 obtentum
1191 1266 1358 1326 cassasset
1385 1264 1418 1324 et
1446 1277 1494 1342 per

376 1364 486 1432 omnia
501 1363 677 1448 irritasset;
701 1364 749 1431 ita
764 1363 916 1433 uidelicet
930 1371 964 1432 vt
979 1364 1245 1449 quandocunque,
1264 1365 1493 1448 ubicumquest

378 1491 436 1556 per
453 1487 676 1556 quemcunque
691 1471 797 1556 ipsum
812 1471 1018 1559 priuilegium
1035 1471 1068 1536 in
1084 1471 1188 1537 lucem
1205 1468 1383 1537 deductum
1400 1472 1491 1554 tieret,

377 1575 502 1646 simbus
517 1581 643 1644 moeret
657 1576 818 1647 firmitatis
832 1578 895 1662 stt),
919 1577 1041 1646 Datum
1073 1575 1164 1645 Budc
1195 1578 1418 1664 octuagesimo
1446 1575 1493 1642 die

376 1691 562 1752 mannum
580 1683 653 1752 festi
670 1683 763 1752 Beati
780 1683 912 1773 Georgij
926 1684 1069 1754 martiris
1085 1703 1171 1751 anno
1188 1685 1320 1750 Domini
1331 1683 1492 1750 millesimo

376 1789 603 1858 trecentesimo
618 1791 840 1875 octuagesimo
856 1799 981 1878 quarto.

380 1991 554 2050 (Μοῦσα
570 1988 657 2040 budai
674 1987 728 2040 kin.
747 1987 875 2040 kamarai
895 1987 1080 2040 ievdltdrban.
1111 1985 1154 2038 Δι
1173 1987 1254 2038 itotet
1273 1987 1354 2052 teijes
1373 1986 1492 2048 ⁵2de

414 2077 475 2128 ised
494 2077 730 2143 Okmdnytdrnnk
748 2077 784 2127 X.
802 2077 901 2143 vagyis
921 2091 938 2127 a
956 2076 1083 2128 mundi!
1102 2075 1209 2142 folyam
1227 2075 1277 2126 IV.
1289 2075 1347 2128 kdt.
1366 2079 1421 2126 itit.
1433 2073 1460 2140 l.)

904 2883 983 2955 ddd.

380 3081 469 3148 tuot
492 3083 722 3171 „ammodytes
744 3085 837 3148 Mdtd
849 3083 1114 3169 sddoou'samester
1146 3081 1218 3146 tort
1251 3102 1289 3144 oa
1321 3081 1490 3168 oszterpusei
1565 3137 1567 3166 ,

377 3189 562 3277 kdptcluut,
599 3192 685 3276 hcyy
722 3212 744 3252 a
778 3191 908 3274 uyitrao'
939 3187 1161 3274 kdptclaunulc
1192 3212 1214 3252 a
1246 3187 1332 3254 tecte
1357 3199 1388 3254 eo
1409 3187 1488 3250 Puer

333 3283 335 3290 ¹
378 3296 468 3362 Boos
491 3296 662 3362 mestcruek
683 3297 732 3378 fia
755 3297 828 3359 teuzo
850 3296 964 3360 tdstdut
987 3293 1187 3358 siccomoros
1206 3296 1359 3379 cotipyozo
1375 3293 1486 3374 discup-

724 3401 891 3486 sa'pleoeldt
913 3402 1029 3484 dtirju.
1055 3401 1156 3465 1295.

484 3595 640 3662 Discretis
671 3592 749 3660 viris
780 3593 895 3662 amicis
926 3593 993 3659 suis
1011 3592 1164 3677 Capitulo
1195 3593 1339 3658 Ecclesie
1372 3590 1484 3672 Strigo·

377 3700 501 3770 niensis
516 3700 665 3768 Mothous
681 3699 837 3783 Magister
852 3702 1041 3784 Agasonum
1058 3696 1181 3764 domini
1207 3697 1306 3780 Regis
1322 3708 1355 3765 et
1385 3699 1486 3762 Comes

377 3807 585 3879 Posunionsis
611 3809 758 3876 amicicie
783 3809 965 3876 continuum
993 3811 1234 3874 incrementum.
1251 3802 1487 3872 'iiansmieimus

377 3919 421 3985 ad
436 3935 495 3984 vos
510 3918 581 3984 vice
596 3923 629 3983 et
646 3918 717 3983 loco
733 3915 834 3982 nostri
861 3913 1017 3981 Comitem
1048 3911 1177 3978 Petrum
1208 3911 1309 3978 filium
1341 3910 1487 3992 Zobosiap

375 4045 474 4112 super
504 4021 726 4091 concambium
753 4030 786 4088 et
800 4020 1086 4089 commutacionem
1102 4038 1174 4085 cum
1188 4020 1286 4086 Petro
1302 4017 1368 4084 fiiio
1382 4019 1488 4100 unon-

375 4133 416 4198 tri
433 4135 519 4198 Boas
538 4131 667 4215 iactam,
685 4135 833 4213 petentes
848 4163 1193 4180 ——————
1209 4133 1369 4210 quatenus
1393 4128 1485 4210 ipsam

375 4237 671 4322 commutacionem,
702 4234 975 4320 quemadmodum
1007 4235 1040 4300 in
1071 4234 1188 4300 litteris
1221 4232 1365 4317 Capituli
1389 4227 1485 4315 Nytri·

375 4343 463 4413 ensis
481 4343 637 4410 videbitis
653 4345 823 4428 contineri,
846 4345 945 4410 vestri
977 4342 1092 4427 gracia
1122 4339 1287 4424 priuilegij
1320 4336 1484 4421 dignensiu-

374 4453 537 4519 roborare.
570 4449 670 4516 Cuius
702 4449 832 4531 quidem
852 4447 1018 4534 pu'uilegij
1037 4446 1220 4534 Nytricnsis
1237 4441 1379 4528 Capitoli
1392 4438 1483 4508 tenom

371 4558 449 4628 talis
465 4564 533 4623 cst:
