3194 5196
841 301 1003 408 Q

351 491 400 562 dit
414 493 500 564 ultra
514 496 642 586 siluam,
656 503 690 566 et
703 496 866 567 mansione
881 495 1003 566 distem
1018 498 1138 569 siluam
1154 500 1221 570 exit
1235 497 1282 569 ad
1292 495 1479 588 planieim,

352 621 415 688 que
430 604 516 690 wlgo
533 605 651 676 dieitur
665 612 725 693 ret,
742 612 776 675 et
790 625 847 693 per
867 604 987 674 dietam
1001 607 1177 694 planiciem
1193 607 1287 678 redit
1304 606 1438 695 directe,
1454 611 1484 674 et

352 711 500 796 peruenit
513 713 558 781 ad
572 733 691 799 nquam
708 713 924 782 Goraniehom
949 714 1101 804 superius
1132 715 1345 804 nominatam,
1376 722 1410 784 et
1439 715 1484 783 ihi

351 827 564 890 oommemtnr
578 828 664 892 terre
679 819 913 908 lheseueioqne
928 829 1063 909 noeste3
1080 821 1157 891 inde
1171 821 1268 891 nsdit
1280 840 1411 892 sursum
1426 842 1484 908 per

353 925 476 996 dietam
491 947 612 1014 aquam
629 927 848 998 Ooranioham
864 947 925 1016 per
940 931 1074 1015 longum
1089 930 1248 1018 spacium,
1277 935 1310 998 et
1334 928 1485 1014 peruenit

351 1033 396 1100 ad
412 1033 552 1120 priorem
569 1041 698 1122 metam,
715 1041 747 1104 et
763 1035 813 1110 sie
830 1033 1034 1104 terminetur.
1066 1035 1251 1107 Astiterunt
1266 1036 1371 1106 eniam
1385 1036 1484 1106 vieini

352 1148 385 1210 er
401 1141 540 1230 proximi
569 1142 846 1229 mmmeraneiqne
871 1144 1130 1231 supradietomm
1159 1143 1327 1233 nobilium,
1356 1143 1485 1214 sailie'et
1591 1145 1593 1154 '

353 1255 532 1335 emptorum
548 1257 581 1319 et
596 1249 785 1335 venditoris,
815 1249 906 1319 Pezk
931 1251 1018 1320 lilius
1042 1250 1211 1339 Dragnini,
1243 1251 1368 1321 lnalren
1398 1253 1485 1324 ilios

352 1357 544 1447 Oraymerij,
561 1357 744 1444 'Gregorius
758 1357 845 1428 filins
860 1357 1037 1447 Dobrotel,
1060 1359 1245 1447 Stephanus
1260 1365 1294 1426 et
1307 1360 1480 1428 lohannes

352 1463 409 1552 filij
427 1465 587 1554 leonem,
602 1466 667 1535 vid
682 1467 770 1536 iilius
785 1465 918 1554 wikan,
950 1465 1031 1534 wll
1045 1466 1130 1534 iilius
1145 1465 1323 1554 Polygrad,
1356 1468 1483 1537 neone

353 1571 426 1641 lans
442 1573 530 1642 ilius
545 1573 716 1661 Togoro53
740 1573 796 1658 qui
811 1591 924 1643 omnes
939 1573 975 1640 in
989 1573 1092 1643 nostri
1117 1573 1287 1661 preseneia
1312 1593 1379 1643 sno
1410 1595 1486 1644 oon·

353 1699 451 1750 sensu
467 1681 588 1751 ieomm
604 1682 827 1752 vendicionem
843 1683 1061 1752 ratifloabant
1082 1683 1122 1750 ln
1154 1681 1244 1751 onius
1273 1701 1335 1769 rep
1366 1703 1486 1752 memo

353 1784 435 1854 riam
451 1793 704 1874 perpetuamque
719 1788 904 1856 firmitatem
929 1795 1100 1877 presentes
1125 1788 1321 1860 eontulimes
1352 1789 1486 1860 litteras
1514 1861 1519 1870 ,

353 1901 484 1963 nostras
498 1893 601 1982 sigilli
618 1895 722 1965 nostri
738 1895 914 1982 pendentis
939 1896 1116 1965 munimine
1140 1896 1322 1966 roboratas.
1361 1897 1484 1966 Datnm

353 2001 388 2069 in
403 2001 487 2070 sesto
502 2002 603 2072 Beate
617 2003 802 2092 Margarete
816 2001 953 2092 virginis
969 2025 1056 2076 anno
1080 2001 1213 2073 Domini
1237 2000 1359 2072 Mill·
1383 2023 1485 2074 nona·
1581 2020 1586 2030 ·

354 2109 480 2196 gesimo
494 2131 588 2182 nono.

352 2309 493 2372 (Eredetis
519 2309 702 2378 bor-hlasein,
728 2309 1001 2378 smga-tbolyuntne
1018 2309 1258 2376 setyemzstnoron
1275 2311 1367 2380 ffiggtt
1386 2313 1483 2378 poestt
1540 2381 1544 2388 ἢ

389 2399 479 2466 alatt5
497 2415 515 2452 a
533 2401 619 2453 budai
636 2401 689 2454 kir.
702 2402 833 2458 hmersi
842 2401 1023 2458 lsrtltrtrnek
1034 2401 1203 2471 ngrr'tbbsu
1213 2401 1280 2458 16νῦ
1291 2403 1447 2468 manen)

785 2685 1050 2699 m—

885 3223 959 3292 ers.
1029 3318 1032 3324 ,

354 3421 386 3483 A
393 3419 506 3508 joiszdt‘
520 3422 719 3487 konnentnelr
735 3419 1008 3508 bizonysdplevele,
1038 3423 1121 3508 hogy
1137 3419 1303 3508 Nempty·i
1317 3417 1452 3508 Mitety
1464 3445 1488 3488 o

354 3530 515 3620 nempty-o'
529 3529 757 3596 szollomtoetee
773 3529 941 3616 etdojdro
957 3549 1121 3594 commo-ra
1135 3532 1228 3594 reterre
1242 3549 1265 3593 α
1280 3529 1400 3618 soynar'
1414 3553 1486 3596 eerr-

674 3635 819 3724 depellet
832 3635 1035 3724 eyyezlredett.
1068 3637 1165 3707 1299.

461 3833 529 3900 Nos
546 3829 707 3900 Olinerius
722 3830 808 3901 lilius
823 3829 956 3920 llatlrye
971 3831 1013 3903 de
1028 3853 1149 3920 genere
1164 3830 1297 3901 Ratholt
1323 3833 1487 3919 Magister

323 3941 325 3944 ’
354 3940 613 4009 Teuarnieornm
629 3941 901 4010 llxoellentissimi
916 3949 949 4010 et
972 3941 1138 4030 Magnifiei
1168 3939 1333 4029 Prinoipis
1360 3941 1487 4036 nomini

311 4081 313 4086 v
355 4049 511 4116 Lodoeiei
526 4047 588 4116 Dei
604 4048 719 4133 grania
733 4047 872 4116 illustris
887 4049 987 4135 Regis
1002 4049 1180 4138 Hungarie,
1207 4053 1240 4116 et
1263 4047 1374 4117 Judex
1390 4048 1487 4118 (turie

353 4156 483 4225 domine
499 4157 684 4246 Elyzalteth
700 4155 815 4224 eedem
831 4155 943 4241 grsoia
968 4157 1094 4242 Regino
1125 4155 1304 4246 Hungarie,
1335 4155 1487 4225 eiusdem

354 4265 477 4333 domini
491 4265 592 4349 Regis
610 4263 779 4350 genitrieis
796 4264 858 4334 stb.
875 4263 960 4350 qnod
976 4263 1096 4333 nobilis
1121 4261 1255 4332 (lomina
1284 4270 1317 4332 et
1347 4264 1489 4334 honesta

353 4370 467 4440 relieta
482 4371 605 4440 domini
621 4371 767 4462 Philippi
782 4371 946 4458 qnondam
961 4371 1104 4440 Palatini
1120 4373 1205 4441 bone
1215 4371 1381 4460 memorie,
1398 4371 1488 4441 rilli-

356 4500 427 4545 eum
446 4487 478 4547 et
492 4479 640 4568 hospites
656 4480 697 4549 de
713 4481 822 4568 Soyna
838 4483 1008 4547 vniuersos
1024 4481 1088 4547 stit.
1104 4479 1148 4547 srl
1163 4485 1299 4549 oetaoas
1315 4479 1384 4548 (liei
1409 4487 1488 4560 stre·

355 4607 470 4654 norum
486 4587 520 4654 in
536 4607 623 4656 anno
639 4588 769 4658 Domiui
786 4586 1010 4657 ll⁰OOO⁰XL0
1024 4588 1139 4675 quinto
1152 4587 1198 4659 ad
1214 4589 1318 4679 Regio
1332 4589 1487 4660 natam
