3102 5196
874 360 1035 468 Q

388 555 462 647 giis,
494 565 528 627 et
542 568 652 630 tenore
668 561 844 632 eorundem
876 563 1006 652 plenius
1035 561 1210 644 intellecto,
1242 560 1380 630 volentes
1407 561 1483 630 ineu

390 665 504 736 litibus
534 667 713 755 imponere,
751 678 783 740 ct
813 670 993 758 iurgiorum
1023 671 1151 739 semina
1180 689 1335 758 resecare,
1365 670 1486 757 partibus

389 777 688 862 assumpmantibus
704 777 851 846 misimus
867 777 1059 864 Magistrum
1082 778 1276 849 iticbaeiem
1306 780 1487 848 Protbonota·

389 884 473 952 rium
491 893 635 954 nostrum
652 885 713 954 snb
738 887 925 956 testimonio
950 885 1096 974 Capituli
1125 885 1290 956 Budensis
1320 885 1363 954 ad
1389 895 1487 956 terren

390 992 596 1079 antedictam,
614 993 669 1082 qui
685 992 810 1064 rideret
824 995 1021 1081 qualitatem
1037 1002 1070 1064 et
1086 995 1301 1082 quantitatem
1317 994 1399 1088 dicte
1413 1003 1489 1079 terre,

389 1104 423 1168 et
437 1099 564 1170 taceret
582 1101 798 1184 concordiam,
832 1104 862 1172 si
893 1109 1017 1191 posset,
1048 1103 1133 1172 iuter
1163 1110 1282 1190 partes
1319 1103 1433 1183 Quibus
1457 1103 1489 1171 ad

388 1207 493 1294 ipsam
509 1199 627 1278 terram
642 1211 883 1300 accedentibus,
914 1212 1063 1299 partibus
1078 1212 1263 1280 volentibus
1278 1209 1354 1280 talis
1383 1229 1487 1296 compo

388 1317 470 1386 sioio
487 1320 672 1389 amicabilis
689 1319 797 1390 extitit
812 1318 898 1388 iuter
912 1319 1003 1408 ipsas
1021 1347 1029 1388 ε
1046 1320 1132 1406 quod
1148 1321 1272 1390 dictam
1288 1327 1405 1390 terram
1430 1319 1489 1406 Wp·

390 1425 491 1496 beech
506 1429 650 1514 totalem,
667 1429 861 1498 existentem
877 1440 970 1497 extre
995 1449 1148 1515 maguum
1179 1429 1339 1499 fossatum
1367 1449 1388 1494 a
1414 1435 1489 1515 parte

389 1533 472 1603 ville
487 1533 574 1603 Jenv
588 1555 689 1623 snpra
704 1535 868 1625 palacium
884 1535 1021 1604 Oomitis
1036 1537 1205 1623 Wernerij,
1221 1543 1317 1625 prout
1326 1555 1428 1604 cursus
1441 1554 1488 1602 na·
1529 1536 1530 1539 ’

391 1650 496 1710 tarum
514 1643 663 1728 distingit
678 1643 948 1733 subscriptarum,
962 1645 1081 1714 (tomes
1096 1645 1294 1733 Wernerins,
1319 1641 1425 1714 Honcb
1437 1642 1488 1708 Vri·
1514 1646 1520 1656 '

393 1751 474 1819 licus
489 1750 635 1821 eiusdem
651 1751 731 1820 ville
745 1753 854 1842 Pestb,
871 1760 903 1821 ot
917 1753 1099 1823 Farkasius
1115 1753 1186 1822 vice
1203 1760 1235 1824 et
1250 1752 1379 1822 nomine
1394 1752 1490 1821 ciuium

391 1858 434 1928 de
449 1859 548 1928 Pestb
563 1859 782 1947 predictorum
797 1861 998 1945 reliquerunt
1011 1862 1158 1931 Ecclesia
1173 1862 1278 1932 Beate
1310 1861 1449 1946 Virginis,
1468 1865 1491 1924 ct

390 1969 554 2038 sororibus
570 1968 641 2038 Deo
657 1967 774 2039 deuote
789 1970 1055 2060 obsequentibus,
1080 1970 1287 2059 presentibus
1304 1971 1398 2040 trabe
1410 1967 1491 2034 Paulo

391 2095 550 2146 conuerso
566 2085 600 2145 st
615 2077 704 2146 socio
718 2097 789 2165 suo,
805 2097 845 2144 ac
861 2077 985 2148 domito
1009 2080 1106 2148 Petro
1137 2099 1197 2166 pro
1228 2077 1326 2146 dictis
1357 2075 1491 2148 sororibus

391 2185 665 2274 comparentibus,
697 2194 729 2254 et
755 2184 875 2255 dictam
890 2186 1130 2255 ordinacionem
1161 2185 1444 2274 assumpmcntibus
1467 2189 1491 2248 et

392 2292 673 2362 consencientibus
688 2292 759 2362 iura
775 2303 931 2382 perpetuo
947 2295 1084 2382 pacifice
1107 2294 1351 2381 possidendam.
1386 2293 1411 2360 s
1436 2311 1491 2359 con·

391 2419 488 2468 nemo
502 2407 612 2468 antem
629 2401 730 2489 ijdem
746 2403 846 2473 frater
861 2403 994 2492 Paulas,
1025 2409 1058 2471 et
1081 2405 1195 2472 Petrus
1226 2403 1355 2492 Oomoq
1383 2401 1444 2469 vico
1467 2403 1491 2465 et

392 2509 523 2577 nomine
538 2529 682 2578 sororum
699 2511 920 2597 predictarum
936 2519 1056 2580 terram
1073 2511 1160 2578 intra
1175 2530 1333 2597 magnum
1362 2509 1490 2577 fossatum

391 2619 584 2688 existentem
601 2605 643 2690 da
659 2621 773 2690 eadem
788 2630 876 2689 tarra
891 2621 1069 2710 Wybeocb,
1086 2621 1183 2691 simui
1193 2642 1266 2690 curu
1277 2614 1491 2708 palaciodoni·
1524 2710 1531 2720 1

391 2729 435 2797 tis
449 2726 610 2815 Wernerij
638 2748 740 2815 supra
765 2731 871 2816 ipsam
902 2735 1022 2798 terram
1054 2735 1248 2816 constructo,
1281 2734 1377 2814 prout
1402 2741 1492 2793 eunus

392 2836 546 2905 similiter
562 2836 711 2922 distingit
727 2843 887 2906 metarum
913 2838 1182 2926 subscriptarum,
1212 2843 1345 2924 propter
1367 2832 1445 2922 pacis
1469 2835 1492 2896 ti

392 2943 562 3012 concordie
592 2945 743 3014 unionem
774 2946 973 3030 reliquerunt
1003 2944 1185 3031 Wernerio,
1216 2944 1313 3013 Petro
1345 2949 1376 3011 et
1402 2935 1490 3006 Henob

393 3035 585 3140 comitibus,
616 3072 656 3120 ao
671 3053 796 3122 ciuibus
812 3054 853 3121 de
868 3054 968 3122 Pestb
984 3053 1055 3121 inre
1071 3060 1225 3143 perpetuo
1242 3051 1379 3138 pacifico
1394 3054 1423 3117 et
1434 3045 1491 3112 bre

392 3160 582 3230 uocabiiitcr
594 3159 836 3249 possidendam.
851 3162 900 3228 Ac
914 3167 950 3229 vt
964 3157 1146 3229 huiusmodi
1163 3157 1333 3229 ordinacio
1347 3160 1424 3227 inter
1437 3173 1492 3241 par·

392 3275 441 3337 tes
455 3269 552 3358 taeta,
570 3269 664 3336 firma
680 3276 713 3336 ct
728 3269 919 3337 inconeussa
935 3268 969 3334 in
979 3274 1170 3355 perpetuum
1180 3274 1374 3354 perseueret,
1389 3282 1492 3354 presen-

391 3385 441 3444 tes
458 3379 501 3445 ad
517 3378 711 3463 peticionem
729 3381 833 3466 partis
849 3377 1015 3464 utriusque
1039 3377 1161 3446 eisdem
1185 3377 1334 3464 partibus
1363 3367 1493 3443 muressi-

392 3504 464 3552 mns
480 3486 604 3553 litteras
622 3486 722 3570 sigilli
738 3486 839 3554 nostri
856 3487 1035 3553 munimine
1050 3484 1231 3555 roboratas.
1270 3484 1389 3554 Cursus
1402 3487 1490 3550 auten

392 3605 550 3668 metarum
568 3599 654 3666 dicte
669 3606 754 3667 tarra
769 3595 947 3684 Wybeecb,
972 3602 1069 3682 prout
1083 3595 1117 3663 in
1133 3596 1253 3664 litteris
1285 3592 1422 3683 capituli
1447 3588 1494 3654 Bu·

392 3706 502 3775 densis
533 3707 690 3775 contineri
722 3707 871 3790 vidimus,
902 3707 964 3775 boc
993 3703 1108 3775 ordine
1139 3705 1383 3790 distinguntur:
1407 3699 1495 3767 Prim

393 3821 479 3882 meta
494 3815 609 3903 incipit
623 3817 715 3883 iaxta
731 3815 917 3884 Danubium
933 3835 1032 3900 super
1048 3834 1167 3900 magno
1183 3814 1321 3900 fossato,
1351 3808 1428 3897 quod
1447 3805 1494 3872 cir·

391 3924 458 3992 cuit
474 3926 585 3992 vitiam
608 3923 850 3992 Pestiensema
875 3932 971 4011 parte
1000 3924 1080 3992 ville
1110 3924 1196 3992 Jenv
1227 3942 1329 4008 supra
1356 3917 1494 4009 palacium

391 4033 526 4100 Comitis
541 4031 711 4118 Wernorij,
728 4032 762 4100 in
779 4033 869 4101 cuins
901 4033 1010 4118 capite
1039 4039 1115 4101 snut
1146 4033 1208 4102 dne
1239 4039 1341 4118 mete,
1364 4035 1395 4098 ot
1421 4021 1495 4094 radit

390 4163 493 4229 supra
508 4142 614 4228 ipsum
630 4141 790 4211 fossatum
808 4161 910 4228 usquo
928 4141 1028 4228 niam,
1044 4161 1109 4228 que
1126 4142 1216 4209 ducit
1231 4142 1264 4209 in
1281 4139 1450 4215 Wachiam,
1469 4135 1494 4195 ei

391 4251 512 4318 transit
527 4249 633 4338 ipsam
650 4250 747 4339 uam,
763 4249 856 4319 iuxta
872 4270 969 4336 quam
986 4258 1063 4318 sunt
1080 4251 1144 4319 due
1173 4257 1258 4317 mate
1284 4266 1413 4333 magne;
1433 4236 1493 4307 inde

391 4357 492 4426 enuit
507 4378 621 4427 nereus
637 4357 794 4440 orientem
811 4358 855 4426 ad
870 4357 1094 4446 monticulum,
1126 4379 1228 4445 prope
1244 4377 1339 4442 qnam
1364 4348 1492 4420 monticu-

389 4467 457 4534 lnm
473 4467 624 4535 similiter
639 4476 716 4535 sunt
731 4465 795 4536 due
826 4473 924 4552 meta,
954 4467 1009 4535 vbi
1041 4467 1144 4537 eciam
1175 4466 1355 4550 antiquitus
1383 4459 1491 4528 fuerunt
1527 4474 1533 4489 ·

390 4576 542 4662 sepulcra
557 4593 778 4660 paganorum
794 4595 814 4642 a
831 4573 949 4659 quibus
966 4595 1142 4661 parumper
1158 4569 1383 4643 descendendo
1398 4568 1428 4636 in
1441 4563 1491 4629 int

391 4689 478 4750 tarra
494 4681 630 4750 arabitis
646 4688 723 4750 sunt
748 4682 810 4751 duc
828 4688 930 4768 meta;
954 4680 1076 4750 abhinc
1091 4680 1185 4751 vadit
1200 4681 1345 4751 similiter
1364 4676 1404 4746 ad
1431 4671 1487 4758 pit·
