3194 5196
826 313 985 424 „Q

243 552 252 564 ·
342 507 483 586 tiatira
505 535 570 588 non
601 515 722 588 habere
760 535 817 604 per
840 538 899 587 nos
922 517 1118 604 requisitns;
1141 521 1174 584 et
1195 513 1284 600 qnod
1315 515 1388 604 ipse
1411 511 1468 585 Ga·

288 621 296 630 “
342 621 412 690 mea
442 622 598 694 Nionitna
620 623 759 693 eandem
791 625 994 712 pmtioolam'
1010 631 1096 693 terre
1128 623 1192 693 sibi
1217 631 1377 710 perpetuo
1406 645 1475 694 non

343 726 522 818 domuerit,
551 732 761 802 submittebat
790 752 827 802 se
849 731 926 802 fidei
948 731 1052 819 ipsine
1084 732 1225 801 Niaolai.
1254 731 1321 812 Qoi
1341 730 1476 817 quitiam

343 837 498 908 Nicotaus
522 839 615 927 dixit,
636 859 673 910 aa
696 837 737 907 de
761 845 863 908 morte
886 842 939 910 sni
963 839 1069 927 patris
1088 857 1155 906 non
1177 838 1365 922 reeordari3
1387 837 1476 908 ideo·

344 965 407 1030 qne
439 946 541 1034 ipsum
567 947 737 1033 negotium
769 944 845 1016 atet
878 947 1023 1018 eiusdem
1047 945 1167 1014 Jakow
1190 945 1359 1013 commisit
1383 946 1475 1014 Idem

345 1059 422 1120 sero
449 1050 569 1122 Jakow
606 1073 841 1139 repugnassent
861 1073 898 1124 se
921 1061 1077 1140 tanqnam
1100 1053 1151 1122 vir
1174 1051 1336 1141 providus,
1359 1059 1477 1122 eontra

345 1157 452 1246 ipram
475 1159 645 1231 Niooirrmn
675 1182 734 1250 pro
763 1181 812 1248 eo,
833 1163 910 1249 qnia
932 1169 1020 1232 esset
1055 1161 1140 1230 filins
1158 1159 1279 1230 domini
1305 1160 1368 1248 sni,
1385 1161 1477 1246 jora
1561 1241 1562 1248 ἵ

345 1273 487 1336 mentm
510 1266 672 1354 deponere
694 1268 817 1354 noluit;
840 1269 899 1338 sed
921 1266 1059 1341 modom
1082 1268 1278 1354 particulam
1310 1274 1399 1336 terre
1429 1285 1476 1335 ra·

345 1373 442 1458 liquit
464 1380 496 1442 et
517 1375 696 1462 resignauit
727 1375 864 1445 Nioolao
887 1377 1063 1463 antedicto,
1097 1376 1157 1444 snb
1182 1374 1307 1444 eisdem
1324 1363 1477 1443 metiret
1561 1387 1562 1390 ’

346 1480 462 1568 signia,
491 1483 608 1569 quibus
639 1502 699 1569 pro
729 1489 876 1571 tompore
898 1483 1016 1554 inisset
1053 1503 1205 1570 possessa
1227 1501 1289 1570 per
1323 1481 1474 1551 eundem.

346 1587 449 1675 Signa
479 1595 587 1658 antem
619 1589 723 1675 ipsius
748 1591 908 1679 partiente
945 1600 1041 1682 terre,
1074 1610 1134 1677 per
1163 1611 1226 1676 qne
1249 1611 1271 1656 a
1294 1611 1356 1659 sna
1387 1597 1475 1671 terra

346 1697 478 1784 propria
508 1703 690 1786 separatur,
720 1705 796 1769 sont
826 1699 897 1789 heo,
919 1699 1004 1767 siout
1034 1699 1143 1767 dixit:
1167 1699 1275 1766 Primo
1292 1697 1475 1784 ineipitan·

346 1824 407 1891 pra
422 1823 576 1874 oaenmen
591 1805 710 1873 montis
741 1825 843 1893 prope
868 1808 1033 1893 qnondam
1057 1805 1213 1875 fossatam
1238 1803 1356 1892 Ladyk
1384 1812 1476 1889 pata·
1553 1796 1557 1805 ’

348 1907 424 2000 (ka)
455 1917 605 1980 voratam
634 1917 763 2000 aparte
785 1912 949 2002 orientali,
980 1913 1037 1982 vbi
1061 1920 1111 1983 est
1140 1933 1206 1982 vna
1228 1919 1317 1980 meta
1347 1917 1475 1996 terrea5
1507 1951 1512 1958 -
1561 1909 1562 1912 ’

348 2017 424 2086 inde
440 2017 604 2104 egreditar
618 2038 732 2088 versos
747 2020 954 2110 aquilionem,
971 2027 1004 2089 et
1029 2020 1063 2087 in
1087 2023 1188 2088 latere
1217 2019 1324 2106 ipsias
1354 2020 1475 2088 montis
1553 2072 1556 2081 .

349 2122 439 2192 eadit
468 2123 502 2194 in
532 2127 639 2216 ipsam
677 2126 833 2198 fossatam
850 2127 1096 2218 Ladykpataka
1112 2137 1274 2216 notatam,
1290 2132 1324 2194 et
1339 2125 1474 2196 deseen-
1561 2131 1562 2136 ’

348 2229 454 2302 dando
468 2233 502 2300 in
518 2232 655 2305 eandem
669 2233 758 2304 eadit
772 2235 806 2301 in
828 2235 946 2306 flumen
975 2236 1069 2304 Znha
1090 2243 1262 2320 voeatnm;
1285 2250 1316 2300 et
1348 2233 1397 2302 ibi
1426 2255 1474 2304 ra
1561 2277 1562 2280 =

348 2339 486 2409 fleetitnr
515 2359 628 2410 venans
658 2339 858 2410 ooeidentem
888 2343 923 2410 in
938 2341 1050 2411 eodem
1074 2341 1180 2429 fluuio,
1198 2348 1229 2409 et
1244 2341 1351 2410 eundo
1367 2340 1474 2425 iungit

349 2452 468 2514 terram
484 2446 927 2528 nortmannorum
953 2469 1026 2519 enm
1056 2449 1155 2517 Burk.
1194 2449 1315 2520 Datnm
1347 2449 1383 2514 in
1406 2467 1474 2515 era·

350 2553 435 2620 atino
457 2560 647 2622 pomparum
671 2553 900 2624 Pantheoostes
931 2555 965 2623 in
989 2555 1071 2625 villo
1100 2555 1213 2626 Edeiin
1240 2574 1326 2623 anno
1341 2554 1474 2624 Domini
1553 2582 1558 2597 ·

350 2658 523 2730 millesimo
546 2659 616 2730 00⁰
631 2664 841 2748 nonagesimo
857 2683 953 2734 nono.

354 2858 408 2919 (nr
426 2860 485 2924 egri
504 2861 696 2926 saporosum
716 2867 792 2914 uos.
813 2863 902 2915 »ieris
922 2863 1021 2928 quires
1039 2862 1167 2928 proxima
1191 2866 1254 2926 porr
1273 2861 1375 2912 fotum
1393 2821 1474 2910 neser

351 2947 491 3000 iohannis
510 2956 575 3001 ante
594 2953 709 3004 Portam
728 2952 877 3005 Latinam«
899 2954 1014 3004 »Petrus
1033 2953 1106 3003 tilius
1125 2951 1222 3002 Mathe
1240 2951 1275 3001 de
1294 2949 1383 3000 Soka«
1398 2947 1473 2999 kere·

424 3038 483 3088 aere
502 3038 613 3092 kiadott
631 3041 801 3108 sermionem
832 3058 850 3095 a
867 3043 953 3095 budai
971 3042 1024 3095 ltin.
1054 3043 1181 3094 kamarai
1204 3040 1427 3114 teselniam.)-
