3096 5202
506 351 743 484 ’‘Q-⁴

1 633 5 643 .
35 575 248 656 Rexomnibus
258 575 377 644 Christi
388 575 542 644 fidelibus
551 597 688 662 presens
700 577 853 665 seriptum
864 579 1058 667 inspectoris
1067 580 1153 645 salu·

1 715 3 778 ς
36 691 90 752 tem
112 683 228 750 infilio
245 682 393 767 Uirginis
409 681 568 751 Glorioso.
600 685 650 750 Ne
668 705 708 752 ea
724 705 786 771 que
801 693 943 768 aguntur
960 686 1152 770 intempore

26 789 118 856 ,sinui
133 809 205 856 oum
220 788 379 876 temporis
388 788 552 858 labilitate
561 789 745 877 elabantur,
757 790 936 862 litterarum
946 792 1054 861 solent
1063 790 1151 860 testi-

1 897 128 979 ‚monio
142 895 304 965 roborari.
341 896 480 964 Proinde
510 895 553 964 ad
584 896 807 966 uniuersorum
840 906 908 967 tarn
939 899 1148 988 presencium

1 1009 2 1013 ’
17 1024 117 1088 ‘quam
131 1009 337 1090 posterorum
352 1003 507 1071 noticiam
521 1002 636 1072 barum
667 1005 752 1074 serie
784 1007 935 1075 nolumus
966 1005 1148 1092 peruenire,

1 1167 2 1204 ι
32 1109 105 1196 quod
118 1131 176 1178 nos
191 1109 410 1190 consideratis
426 1110 588 1179 eontinuis
603 1109 814 1181 fidelitatibus
831 1120 864 1180 et
879 1113 1021 1182 assiduis
1046 1114 1148 1180 serui·

1 1207 2 1266 ἕ
32 1221 83 1307 eijs
95 1219 270 1306 meritorijs
287 1218 447 1306 Stephani
463 1218 599 1288 Comitis
614 1219 655 1286 de
671 1219 797 1308 Bokon,
815 1227 847 1289 et
862 1221 949 1290 Petri
964 1220 1075 1294 fratris
1086 1220 1148 1308 sni,

31 1327 150 1396 fitiorum
166 1326 325 1394 uidelieet
341 1325 476 1394 Comitis
506 1328 618 1413 Maroy
648 1327 689 1395 de
720 1347 838 1413 genere
869 1328 972 1415 enak,
1003 1328 1147 1397 fidelium

1 1425 2 1445 ³
31 1441 203 1519 nostrorum,
230 1454 298 1520 que
312 1435 412 1520 ijdem
428 1434 521 1502 nobis
538 1435 574 1500 in
589 1434 729 1504 diuersis
744 1435 849 1522 Regni
865 1435 967 1503 nostri
999 1437 1146 1524 negoeijs

1 1548 2 1603 3
31 1542 110 1609 nobis
123 1543 230 1610 adbue
246 1541 282 1608 in
300 1549 388 1610 etate
403 1549 516 1610 tenera
540 1542 726 1611 eonstitutis
751 1542 964 1614 laudabiliter
993 1542 1147 1632 inpende-

1 1645 2 1722 ἒ
31 1654 101 1732 mut
124 1668 159 1718 se
174 1656 207 1716 et
221 1669 286 1717 sus
302 1648 443 1717 diuersis
459 1650 587 1716 somene
603 1649 734 1720 essibus
764 1671 825 1736 pro
854 1653 940 1719 bono
971 1657 1081 1720 nostro
1113 1657 1146 1719 et
1257 1689 1266 1698 -

1 1736 2 1788 1
30 1757 116 1842 Regni
132 1757 234 1824 nostri
250 1756 421 1824 eommodo
436 1757 624 1825 submittere
639 1758 828 1827 nuliatenus
843 1757 1046 1828 formidando
1060 1785 1068 1826 :
1084 1779 1144 1826 nos
1208 1777 1212 1782 ·

1 1879 2 1958 J
31 1865 153 1947 ipsorum
169 1865 339 1950 seruieijs,
370 1865 398 1931 si
415 1885 478 1933 non
496 1864 529 1930 in
546 1869 624 1945 toto,
658 1864 715 1932 sed
743 1867 852 1932 sattim
883 1867 916 1933 iu
950 1867 1062 1950 aliqua
1093 1869 1143 1934 sui

1 1981 2 1989 ’
31 1977 115 2057 porte,
147 1973 348 2058 respondere
364 1972 531 2057 cupientes
548 1973 650 2056 Regio
667 1991 740 2040 oum
756 1972 879 2061 fauore,
910 1981 947 2042 ut
962 1973 1020 2057 alij
1039 1993 1077 2042 eo
1094 1975 1141 2040 in·

31 2085 123 2160 speuto
137 2079 313 2147 ardencius
329 2077 372 2145 ad
404 2077 572 2146 fidelitatis
603 2099 703 2166 opera
735 2079 917 2147 exercenda
948 2080 1141 2164 inuitentur5

1 2177 2 2266 ι
30 2186 169 2268 quoddam
197 2187 353 2254 Castrum
383 2193 527 2255 nostrum
559 2185 688 2254 Kabold
719 2194 880 2272 noestam,
911 2187 945 2253 in
977 2185 1142 2257 (tonitam
1241 2247 1246 2255 ,

1 2319 10 2332 ι’
1 2291 221 2375 Suprooiensi
237 2295 340 2360 situm
357 2300 388 2360 et
405 2293 448 2358 ad
463 2293 600 2362 eundem
618 2294 813 2361 comitatum
828 2301 992 2380 speetans,
1022 2314 1064 2362 ao
1093 2295 1140 2362 in-

1 2401 3 2450 t
17 2398 147 2466 mediate
162 2399 206 2467 ad
221 2401 362 2485 Regiam
379 2402 545 2486 pertinens
561 2401 786 2488 eollaeionem,
816 2420 888 2468 eum
905 2401 1053 2470 omnibus
1070 2401 1137 2470 sois

1 2537 3 2588 ι
1 2503 205 2575 utilitatibus
221 2515 255 2574 et
273 2506 487 2592 pertineueijs
501 2506 674 2594 uniuersis,
702 2507 819 2590 quibus
844 2515 979 2576 eotenus
996 2507 1139 2576 Comites
1201 2527 1209 2537 ·

1 2607 247 2698 *snpruuienses
262 2635 324 2700 pro
349 2621 495 2701 tempore
527 2614 694 2682 constituti
725 2621 908 2701 tenuerunt,
937 2615 1142 2702 eontulimus‚

1 2742 2 2749 ¹
29 2719 153 2791 dedimus
170 2730 202 2791 et
217 2723 413 2791 donauimus
428 2722 510 2808 ipsis
526 2719 642 2789 Comiti
658 2723 824 2811 Stephano
841 2731 874 2791 et
903 2721 1000 2792 Petro
1033 2723 1136 2792 rideli-

30 2826 77 2896 bus
90 2835 203 2902 nostris
218 2839 380 2920 perpetuo
396 2837 430 2898 et
443 2831 702 2900 irreuoeabiliter
719 2831 960 2917 possidendam.
984 2833 1023 2898 In
1039 2833 1131 2900 euius

2 2937 65 3008 rei
77 2942 257 3008 memoriam
276 2947 531 3026 perpetuamque
557 2939 742 3006 firmitatem
773 2946 942 3024 presentes
974 2941 1137 3006 oonoessi·

1 3033 85 3135 inus
112 3047 233 3117 litteras
266 3047 367 3132 sigilii
400 3047 500 3114 nostri
531 3046 695 3132 dupplieis
735 3047 913 3115 munimine
953 3047 1133 3115 roboratos.

1 3147 126 3234 ibrum
141 3176 198 3240 per
227 3173 349 3222 manus
373 3153 507 3220 disereti
537 3152 599 3220 viri
630 3154 780 3239 Magistri
810 3138 1026 3222 Bartholomei
1057 3156 1134 3220 aule

1 3254 116 3328 'nostre
129 3263 407 3347 VieeOanoetlarij
426 3260 535 3341 dilecti
551 3267 585 3328 et
615 3259 721 3330 fidelis
750 3261 851 3330 nostri
883 3281 969 3328 anno
1000 3262 1131 3328 Domini

1 3361 3 3384 '
27 3361 366 3454 itb0⁹ootuagesimm
381 3368 623 3453 quartodeoimo
634 3367 795 3436 kalendas
805 3368 1014 3458 Septembris,
1030 3369 1131 3437 indie·

28 3473 104 3542 oioue
117 3485 239 3564 oetaua,
255 3479 361 3561 Regni
377 3483 487 3543 autem
502 3476 603 3543 nostri
619 3497 708 3544 anno
724 3483 850 3544 oetaeo.

1 3653 4 3669 ⁸
28 3670 144 3729 fflredetie
161 3676 346 3742 bdrhdrtydn,
375 3676 496 3742 melyrbl
515 3691 533 3728 a
552 3675 645 3742 kirtly
674 3673 849 3740 peesdtjdnek
879 3674 1012 3726 tdreddke
1038 3677 1132 3728 vitriis-

1 3823 2 3826 ,
74 3763 146 3829 tirgs
162 3767 402 3833 selyemusindron
421 3767 499 3833 iiigg,
518 3780 536 3817 a
554 3767 639 3817 budsi
659 3766 712 3816 luis.
731 3765 859 3816 kamerai
879 3765 1076 3828 lerdltdrban.)

433 4089 696 4107 m·-

116 4779 211 4824 ῚΟΙΠΉ.
225 4787 304 4824 ΗΰΙῦ.
319 4788 390 4822 ΉῐιὶΤ,
411 4793 448 4804 ““
472 4784 543 4822 ntes..
558 4781 628 4821 nnn·
