3194 5196
638 323 834 404 ddi*-

584 421 748 438 m

3 511 5 560 ²
105 489 361 602 exhibuissetis
379 525 541 612 quoddam
550 527 762 615 priuilegium
779 533 927 599 nostrum
942 547 1040 619 snper
1053 523 1234 622 collacione

3 693 5 740 3
104 653 161 706 seu
192 636 373 706 donacione
388 635 606 722 possessionis
633 636 741 706 (lastrl
756 638 860 706 nostri
875 638 918 707 dc
934 639 1063 727 Posoga
1078 641 1232 730 Demoeb

3 741 4 746 ’
109 753 225 815 uocate
240 745 429 831 confectum,
460 743 495 810 in
510 744 621 813 eodem
653 744 814 816 (lomitstu
845 746 938 816 iuxta
968 746 1101 818 fluuium
1133 751 1232 822 Orioa

3 885 5 892 >
106 852 288 941 subtantia,
319 857 436 940 petens
470 853 614 921 anobis
644 852 807 922 humiliter
837 861 870 922 et
902 851 1029 943 denote,
1059 864 1097 925 ut
1126 859 1232 928 eidem

3 959 7 972 '
103 961 263 1047 Magistro
293 959 389 1028 Petro
419 959 460 1026 de
490 959 692 1046 benignitate·
717 961 822 1046 Regia
849 969 882 1030 et
913 962 1071 1051 inspectis
1099 983 1230 1036 suornm

102 1071 313 1140 seruiciorum
342 1067 475 1155 meritis,
504 1088 564 1136 nec
594 1089 659 1136 non
689 1069 740 1136 sui
765 1071 889 1137 cruoris
905 1071 1074 1161 effusione,
1090 1093 1153 1158 qne
1167 1073 1226 1159 per

3 1161 5 1244 s
101 1177 231 1263 singula
246 1178 378 1260 longum
394 1183 480 1245 esset
495 1197 657 1266 ananam,
673 1175 758 1245 hanc
776 1177 921 1263 graciam
937 1178 1017 1249 dare
1032 1199 1088 1248 scr
1117 1181 1228 1250 facere

3 1349 4 1356 ,
100 1286 163 1371 ipsi
179 1283 335 1369 Magistro
366 1285 462 1352 Petro
494 1283 702 1368 dignaremur
718 1309 727 1352 ε
743 1284 829 1371 quod
854 1286 975 1355 dicum
991 1287 1230 1372 possessionem

100 1393 250 1462 Domcob
266 1397 488 1477 nuncupatam
504 1392 704 1474 conferendi,
735 1392 879 1461 donandi
909 1415 967 1464 seu
996 1393 1132 1480 legendi
1163 1398 1229 1465 cni·

3 1599 7 1690 ᾗ
100 1609 248 1680 Ecclesia
263 1629 323 1696 pro
346 1605 487 1676 remedio
517 1608 638 1696 anime,
670 1628 729 1676 seu
758 1610 912 1696 proximis
934 1611 1013 1698 suis,
1045 1611 1181 1682 liberam
1198 1621 1231 1681 ot

3 1733 4 1736 ’
99 1739 224 1789 meram
247 1717 397 1786 daremus
413 1715 614 1784 facultatem.
630 1717 697 1783 Nos
718 1715 878 1802 siqnidem
893 1715 1078 1787 deliberato
1093 1721 1229 1804 consilio
1258 1746 1261 1756 ¹

3 1819 25 1920 g
100 1829 315 1910 Preietorum,
331 1826 496 1892 Beronum
511 1831 693 1892 nostrorum
709 1843 749 1890 cc
779 1826 945 1894 Nobilium
976 1827 1084 1914 Regni
1115 1829 1229 1913 nostri,

98 1937 291 2026 peticionem
323 1930 471 2016 Magistri
502 1929 591 1998 Petri
621 1929 755 2000 comitis
786 1918 981 2020 Syculorum
995 1941 1176 2004 nostrorum
1191 1935 1228 2002 in

99 2045 161 2114 hac
176 2052 272 2132 parte
288 2039 478 2110 admisimus
501 2039 667 2122 Regaliter
683 2048 715 2108 et
742 2039 930 2128 liberaliter,
961 2049 1030 2110 tam
1061 2063 1120 2132 pro
1150 2045 1229 2112 cffu-

3 2195 5 2200 ·
100 2153 195 2221 mone
226 2149 278 2219 sni
293 2148 475 2235 sanguinis,
508 2167 605 2232 quam
638 2147 741 2216 eciam
758 2151 800 2217 ob
814 2151 979 2220 meritoria
994 2171 1055 2222 saa
1070 2153 1228 2237 seruici23
1251 2179 1256 2185 ·

3 2295 5 2346 ς
100 2259 178 2346 qnia
199 2258 303 2327 eciam
332 2254 478 2343 predicta
508 2254 627 2340 peticio
658 2255 761 2341 ipsius
778 2257 941 2342 blagistri
969 2260 1059 2327 Petri
1091 2260 1177 2327 iusta
1194 2267 1227 2325 st

3 2393 5 2442 ς
101 2365 265 2452 condigna
296 2383 369 2434 esse
401 2362 592 2449 uidebatnr3
616 2383 676 2450 pro
707 2384 746 2432 eo
776 2365 935 2455 solentes,
965 2366 1181 2436 concedentes
1195 2373 1230 2434 ct

3 2485 5 2552 ξ
100 2473 286 2558 benigniter
296 2477 488 2556 annuentes,
498 2470 687 2557 cuicumque
696 2469 938 2559 uoluerit,idcm
949 2475 1105 2559 Magister
1114 2471 1229 2544 Patras

3 2563 5 2640 f
100 2585 222 2652 dictam
239 2579 480 2670 possessionem
496 2578 647 2646 Domocb
665 2579 797 2648 liberam
813 2578 934 2650 habeat
948 2581 1139 2651 facultatem
1155 2601 1230 2652 con-

3 2697 5 2738 ?
99 2691 227 2762 ferendi
241 2689 294 2758 vel
309 2685 463 2756 donandi.
487 2686 617 2754 Etcum
634 2706 693 2756 nos
709 2686 794 2754 banc
809 2686 955 2772 graciam
971 2689 1149 2776 specialem
1164 2690 1228 2776 ipsi

3 2803 6 2882 Ῐ
99 2799 261 2887 Magistro
276 2796 372 2865 Petro
388 2794 599 2880 fecissemus;
614 2794 783 2862 confestim
801 2796 947 2864 innostri
957 2799 1129 2885 presencia
1140 2799 1229 2869 idem

3 2981 5 2992 ᾖ
100 2907 259 2994 Magister
273 2901 388 2973 Petrus
405 2901 572 2972 confessus
589 2907 638 2970 est
653 2901 787 2972 dedisse
804 2923 862 2972 scu
879 2903 1057 2974 contulisse
1086 2909 1229 2976 consorti

99 3035 158 3086 sue
171 3009 347 3081 karissime
363 3029 420 3096 pro
437 3008 512 3076 dote
527 3017 560 3078 et
577 3009 741 3098 dotalicio,
758 3031 798 3080 ac
827 3013 924 3080 rebus
954 3013 1230 3104 parafarnalibus,

3 3167 5 3174 ,
98 3143 244 3195 necnon
260 3139 369 3192 secum
401 3121 503 3188 eciam
532 3121 718 3207 asportatis.
758 3121 812 3189 Ita
840 3119 1007 3210 videlicet,
1038 3125 1124 3209 quod
1154 3122 1230 3210 ipsa

31 3247 35 3252 '
98 3235 235 3306 domina
250 3230 402 3301 similiter
417 3228 549 3317 plenam
560 3236 733 3318 etmeram,
749 3229 890 3316 cuipiam
924 3231 1070 3317 uoluerit,
1088 3232 1228 3302 donandi

10 3407 12 3412 ,
98 3365 159 3415 sen
176 3337 363 3414 conferendi
379 3338 500 3408 babeat
515 3336 717 3426 facultatem,
745 3347 777 3406 et
793 3340 821 3406 si
838 3339 901 3407 sibi
918 3339 1086 3428 placuerit,
1117 3361 1177 3428 pro
1191 3361 1228 3414 sc

3 3465 6 3526 ζ
98 3454 174 3541 ipsa
191 3467 361 3520 reseruata
377 3445 475 3514 simili
491 3446 585 3513 modo
601 3448 716 3534 possit,
734 3467 791 3515 seu
807 3447 919 3516 ualeat
933 3453 1090 3536 perpetuo
1105 3457 1137 3518 et
1152 3450 1229 3522 irro-

3 3591 5 3598 ,
100 3557 297 3634 secabiliter
313 3554 450 3642 pacifice
466 3563 498 3620 ct
514 3555 620 3638 quiete
636 3554 815 3640 possidere.
841 3556 884 3623 Vt
909 3556 1009 3640 igitur
1031 3556 1092 3626 boc
1117 3566 1231 3626 nostra
1258 3619 1264 3630 .

3 3677 5 3748 ἱ
100 3666 257 3758 specialis
274 3661 498 3750 graciarobnr
514 3663 658 3749 optinent
673 3671 832 3749 perpetue
860 3662 1033 3749 firmitatis,
1064 3684 1126 3733 neo
1156 3685 1227 3755 pre·

3 3853 5 3876 ἰ
98 3794 197 3846 censu
211 3780 391 3859 tempomm
407 3771 510 3858 possit
524 3772 578 3838 nel
594 3773 705 3838 valcat
720 3772 754 3839 in
771 3771 898 3840 irritum
913 3773 1072 3856 reuocari,
1097 3793 1230 3868 presen-

98 3891 152 3952 tes
168 3879 386 3950 concessimus
404 3879 530 3947 litteras
546 3877 686 3964 dnplicis
702 3878 806 3965 sigilli
821 3880 923 3950 neubi
943 3879 1123 3948 munimine
1138 3881 1229 3951 robo-

2 3973 11 4057 ξ
98 3996 200 4062 ratas.
239 3991 361 4057 Datum
384 4005 442 4072 per
469 4005 585 4054 manus
601 3986 799 4056 venerabilis
814 3987 919 4072 patris
934 3987 1047 4059 fratris
1060 3988 1228 4077 Anthonij,

3 4085 4 4090 ¹
97 4103 162 4172 Dei
178 4098 293 4188 gracia
308 4094 462 4182 Episcopi
478 4093 725 4179 Chsnsdiensis,
757 4094 843 4164 Aule
856 4102 967 4166 nostre
982 4094 1230 4176 ViceGanecila·

3 4263 7 4308 ς
97 4213 138 4300 cij
170 4208 279 4280 dilecti
305 4213 339 4276 et
368 4203 475 4274 fidelis
505 4205 605 4274 nostri
635 4224 723 4273 anno
753 4204 884 4272 Domini
915 4204 965 4272 bl⁰
995 4205 1230 4294 trecentesimo,

94 4319 214 4405 quinto
229 4313 390 4384 kalendas
406 4311 608 4400 Nouembris,
628 4312 733 4397 Regni
752 4319 861 4380 autem
875 4313 978 4382 nostri
993 4333 1079 4382 anno
1095 4312 1229 4382 decimo.

3 4491 5 4496 .
80 4441 439 4516 'OEredstiebdrhttrtprtm
457 4439 619 4494 rdrds-zdld
641 4441 877 4506 selyemzsindron
899 4441 985 4507 fdggd
1012 4441 1110 4506 peastt
1140 4443 1230 4506 alattp

161 4555 190 4602 ,a
206 4539 296 4592 budsi
313 4536 368 4591 kir.
386 4535 513 4588 kamarai
531 4531 710 4585 lautltdrnak
728 4533 896 4598 Ztgrtbban
919 4533 984 4587 laud
1002 4532 1156 4600 renuebam)

204 4785 309 4830 ιοιιιιι.
323 4780 406 4825 suae.
421 4753 553 4820 muns-
568 4781 641 4826 nrm..
654 4779 723 4829 κιαι.
1077 4751 1122 4824 42
