3160 5200
796 950 872 1017 toa.

266 1151 334 1224 ΙΙΙ.
368 1150 477 1214 Euris-e
517 1149 626 1234 kirtly
663 1149 848 1232 meyeriec‘ti
886 1169 968 1212 ozon
1008 1148 1212 1232 orticellae,
1251 1149 1404 1233 melyipel

267 1258 358 1322 Peter
382 1279 483 1321 comes
509 1253 672 1320 Tibernok
690 1255 743 1334 fia
773 1253 856 1320 Udol
878 1253 1031 1339 helysepet
1047 1254 1180 1320 Mdrton
1197 1275 1297 1320 comcs
1314 1256 1406 1319 alor-

571 1359 789 1446 szcipbitocaie
805 1360 972 1444 dtenqedte.
998 1362 1098 1424 1296.

373 1553 523 1622 Andreas
534 1554 594 1619 Dei
606 1552 718 1634 gracia
729 1517 908 1638 sangaris,
926 1551 1104 1639 Daimacie,
1124 1555 1270 1636 Croacie,
1287 1554 1404 1640 Reme,

267 1661 391 1746 Seruis,
408 1659 555 1744 Gallicis,
572 1657 774 1746 Lodomerie,
791 1659 948 1726 Cumanis
963 1659 1179 1744 Belgerieque
1205 1663 1277 1727 Rex
1300 1659 1404 1726 omni-

269 1772 328 1836 bus
344 1768 465 1836 Christi
489 1765 641 1832 fidelibus
672 1785 806 1850 presens
823 1765 979 1850 seriptum
995 1765 1193 1834 intuentibus
1208 1769 1348 1834 salutem
1364 1767 1402 1831 in

159 1931 161 1936 ,
269 1876 409 1942 Domino
434 1876 675 1959 sempiternam.
701 1872 753 1937 Ad
778 1871 1000 1940 uniuersorum
1016 1873 1168 1940 noticiam
1184 1874 1298 1940 horum
1315 1875 1405 1942 serie

266 1983 416 2050 volumus
443 1980 625 2068 peruenire,
657 1978 744 2064 qnod
772 1980 886 2047 Comes
904 1980 1064 2046 Martinus
1080 1981 1165 2048 filios
1197 1983 1322 2065 Emyeh
1356 1979 1400 2044 de

162 2169 163 2172 Ἴ
270 2089 437 2155 Deneoher
454 2085 630 2154 Vioeiudex
647 2085 744 2150 Curis
761 2092 872 2152 nostre
903 2085 1009 2152 tidelis
1040 2095 1149 2154 noster
1179 2085 1222 2156 ad
1253 2095 1404 2154 nostram

271 2194 429 2262 accedeus
468 2192 669 2277 presenciam
708 2191 854 2258 exhibuit
893 2192 987 2258 uobis
1018 2193 1223 2278 priuilegium
1254 2191 1402 2276 Capituli

179 2361 182 2366 ,
272 2303 427 2370 Budensis
445 2319 543 2383 snper
568 2299 653 2366 iacto
686 2297 901 2381 possessionis
934 2297 1029 2364 Wdoi
1060 2306 1174 2366 vocate
1203 2299 1400 2384 confectum,

271 2415 384 2492 petens
401 2425 422 2470 a
440 2405 533 2470 nobis
550 2423 622 2469 cnm
647 2403 817 2488 instancia,
850 2409 884 2469 vt
915 2403 1021 2487 ipsum
1056 2403 1259 2491 priuilegium
1291 2414 1400 2472 ratum

200 2569 201 2572 ,
271 2514 398 2598 habere,
425 2519 456 2577 et
470 2518 580 2576 nostro
611 2510 820 2594 dignaremur
852 2509 1028 2596 priuilegio
1060 2511 1259 2580 confirmare.
1299 2514 1402 2580 Cuius

272 2619 400 2703 quidem
418 2617 583 2704 priuilegij
600 2623 693 2686 tenor
710 2617 785 2685 talis
802 2625 868 2686 est:

377 2726 445 2793 Nos
462 2725 647 2811 Capitulum
676 2724 835 2792 Budensis
866 2725 1012 2794 Ecclesia
1043 2731 1103 2797 stb.
1135 2726 1348 2817 (ktretkenilr
1378 2747 1399 2791 a

270 2831 370 2900 budai
386 2831 610 2918 kaptaiannelr
630 2831 766 2901 lese-ki
783 2832 1079 2921 bisouyslsglerele,
1098 2836 1180 2902 mint
1195 2835 1296 2902 alano
1322 2839 1404 2904 411.

271 2945 357 3010 snam
373 2937 481 3027 alati.)

378 3048 447 3114 Nos
464 3047 576 3130 itaque
592 3045 686 3114 iustis
719 3047 936 3132 peticionibus
968 3049 1071 3136 ipsius
1102 3049 1236 3117 Comitis
1266 3049 1402 3117 Martini

271 3152 497 3222 insonabiliter
512 3159 693 3220 annuentes
709 3152 828 3219 dietum
846 3155 1053 3240 priuilegium
1070 3155 1213 3242 Capituli
1238 3156 1402 3226 Budensis

271 3262 355 3328 inste
374 3267 407 3326 et
422 3259 569 3342 legitime
595 3267 782 3326 emanatum
808 3261 1015 3328 attendentes
1046 3282 1110 3329 nou
1139 3263 1304 3350 abrasum,
1335 3286 1400 3332 non

272 3367 487 3446 cancellatum
490 3418 501 3462 θ
531 3386 595 3432 non
611 3367 779 3452 abolitum,
806 3388 867 3434 nec
883 3369 916 3433 in
933 3369 1044 3454 alique
1060 3369 1109 3435 sni
1126 3377 1219 3454 parte
1235 3371 1401 3460 viciatum,

271 3481 375 3540 ratum
390 3472 563 3539 habuimus
580 3476 612 3537 ct
636 3479 814 3558 acceptum,
847 3478 879 3539 et
911 3475 1070 3562 presentis
1100 3475 1266 3560 priuilegij
1298 3480 1399 3544 nostri

271 3575 448 3666 patrocinio
465 3579 616 3644 duximus
633 3577 900 3644 confirmandum.
936 3579 973 3644 ln
1006 3579 1096 3648 cuius
1128 3582 1175 3648 rei
1207 3583 1398 3653 memoriam

272 3690 524 3772 perpetuamque
537 3683 722 3750 firmitatem
734 3693 904 3769 presentes
916 3689 1133 3756 concessimus
1145 3687 1285 3775 duplicis
1297 3691 1401 3780 sigilii

272 3794 375 3860 nostri
392 3793 570 3859 munimine
595 3791 774 3860 roboratas.
815 3795 936 3860 Datum
966 3815 1024 3880 per
1055 3817 1172 3865 manus
1204 3803 1400 3874 venerabilis

272 3899 373 3988 patris
389 3897 512 3966 domini
528 3898 692 3966 Theodori
708 3899 861 3985 Episcopi
877 3901 1067 3990 lentiensis,
1084 3903 1166 3973 Aule
1183 3919 1292 3977 nostre
1308 3911 1400 3982 Vice-

273 4005 467 4090 Concelierij
486 4004 599 4072 dilecti
615 4014 647 4073 et
664 4005 767 4074 fidelis
784 4009 895 4093 nostri,
913 4030 999 4077 anno
1016 4013 1149 4081 Domini
1167 4017 1286 4084 ΜῦΟΟο
1302 4042 1403 4090 nona-

270 4115 395 4199 gesimo
411 4121 511 4180 sexto.

274 4310 417 4373 <Eretletie
436 4310 620 4375 bttrhirtyln,
652 4313 783 4376 nrelynelr
815 4315 994 4381 soros-sarge
1024 4319 1259 4384 selyemzsinoron
1289 4329 1406 4396 suggest

274 4398 394 4466 pecsetje
415 4401 568 4464 elvcszett3
588 4415 604 4450 a
623 4399 730 4451 lonleii.
750 4402 869 4466 herezeg
888 4405 1058 4472 Eszterhtzy
1078 4410 1171 4461 csalad
1189 4412 1406 4485 levelteiraban.)

707 4647 973 4664 Ἣ
