3194 5196
503 307 806 460 .'..ee.

148 553 239 626 -nnto
254 545 405 642 Capitale
436 548 581 620 beolesie
596 550 805 622 Posnuiensis
822 547 954 620 firmiter
969 547 1180 640 precipiendo
1191 542 1290 624 'mabff
1402 605 1404 608 -
1461 607 1474 634 ,

77 729 81 736 ,
160 662 280 748 (lasset,
295 667 457 748 qnatenus
472 661 619 748 ipsorum
634 660 799 729 mitterent
821 658 982 728 hominem
1012 679 1072 745 pro
1100 661 1287 731 testimonio
1317 669 1343 684 ’·
1393 657 1396 662 ’
1480 657 1498 752 g?

154 767 363 854 ddedignurn,
393 786 458 851 quo
488 773 641 854 presente
665 767 822 852 Magister
840 767 1009 835 Johauues
1024 766 1131 837 dietus
1147 769 1285 840 Nemeth
1338 779 1339 782 ’
1441 765 1468 774 ’Ν
1516 825 1528 860 3
1551 767 1594 860 2325-

158 877 365 948 castellanus
381 871 422 940 de
437 871 549 960 Zeged
564 873 660 943 homo
691 893 770 942 suus
799 869 923 960 Regius
938 891 941 898 ⁴
955 875 1127 943 uniuersas
1156 895 1286 962 posses«
1356 875 1364 880 ’
1414 966 1420 978 .
1500 855 1596 972 ζ’

156 986 267 1056 siones
299 981 444 1069 quolibet
473 981 604 1050 nomine
635 987 778 1068 ronahe,
808 980 842 1048 iu
858 980 1055 1067 quibuslibet
1069 980 1285 1055 Comilatihns
1407 1025 1408 1028 =
1453 981 1458 1080 ’5
1484 979 1486 984 ’
1511 975 1596 1084 4”ἶ“ᾏ“ῖῖῐ’ῥ

9 1103 12 1116 ·
155 1094 343 1179 existentes,
358 1109 400 1159 ao
423 1089 537 1158 vineas
568 1097 600 1158 et
631 1088 752 1176 domos,
784 1109 845 1158 nee
875 1109 941 1157 non
971 1089 1057 1159 alias
1088 1089 1284 1164 hereditates
1364 1131 1382 1168 ,-
1480 1091 1482 1154 1
1506 1095 1520 1146 a·
1544 1077 1596 1192 'erig

155 1199 295 1269 nondam
325 1197 455 1268 Nieolai
471 1197 529 1284 filij
549 1197 712 1266 Dominioi
738 1195 780 1265 de
794 1195 905 1265 lanoh
919 1195 1058 1266 hominis
1075 1199 1148 1268 sine
1162 1198 1283 1270 herede

157 1305 356 1394 decedentis,
396 1324 547 1392 recepere
587 1312 621 1372 et
659 1304 874 1374 serenissime
918 1300 1114 1393 Prineipisse
1152 1307 1286 1379 domine
1428 1325 1455 1334 '⁴
1486 1271 1490 1280 ’
1540 1263 1556 1292 ι’
1578 1301 1596 1410 ζ

156 1413 337 1502 Elyrabeth
366 1413 492 1498 Regina
522 1410 671 1498 genitrioi
702 1431 760 1480 sue
790 1411 963 1481 karissime
993 1417 1137 1482 statuere
1152 1413 1286 1484 deberet

158 1522 221 1592 stb.
256 1520 380 1610 (ennek
417 1520 544 1608 folytdn
575 1519 675 1606 pedig
699 1539 721 1586 a
745 1519 881 1588 statutio
912 1519 1165 1610 Ohenlseasnrya
1194 1522 1288 1610 hely·

156 1631 282 1714 segbeu
319 1628 419 1696 »seria
458 1628 561 1697 tersia
606 1627 755 1713 proxima
791 1631 867 1714 post
903 1633 1037 1696 oetauas
1074 1628 1153 1697 festi
1190 1631 1286 1698 Beati

157 1736 335 1826 hlyebaelis
349 1735 541 1820 arehaugeli
556 1725 703 1821 proxime
720 1734 886 1820 preteriti«
911 1740 1158 1822 megtbrtduren
1179 1737 1284 1822 »Ἡιρ-
1380 1737 1382 1742 ’
1414 1829 1416 1834 .
1442 1789 1443 1792 ,
1535 1691 1596 1770 3⁸

157 1866 228 1914 mas
237 1845 435 1914 filiusIuan‹
448 1842 688 1932 ellenmoudott,
703 1847 740 1910 ds
757 1844 856 1930 perbo
874 1841 1066 1930 iddatetett).
1085 1843 1157 1923 Quo
1171 1843 1285 1912 audito

157 1953 303 2042 prefatos
318 1949 461 2020 Thomas
476 1949 563 2020 tilius
578 1951 669 2019 lwan
694 1951 755 2018 stb.
788 1949 947 2035 quasdam
979 1951 1104 2020 litterae
1134 1957 1286 2036 patentes

157 2059 319 2148 prenotati
334 2056 479 2144 Capituli
495 2049 644 2126 boulena
659 2057 867 2126 Posonieusls
884 2078 974 2126 anno
989 2058 1032 2125 ab
1048 2053 1287 2136 Iuearnaeione
1398 2121 1400 2124 .
1480 2027 1481 2030 Ἴ

87 2225 90 2233 ,
159 2167 292 2236 Domini
306 2163 453 2234 ΜΦΟΟΟο
469 2170 638 2233 emanatas
656 2173 765 2233 nostro
778 2165 954 2252 Judioiario
979 2165 1122 2233 examini
1151 2184 1286 2252 presen-

158 2275 251 2361 tauit,
280 2275 314 2341 in
329 2292 466 2358 quarum
497 2271 662 2341 tenmihus
687 2291 841 2360 expresse
855 2271 1049 2361 habebatur,
1066 2272 1151 2358 quod
1167 2273 1285 2344 eonsti-

12 2348 43 2438 ⁸.
158 2381 237 2450 tntis
265 2379 482 2468 personaliter
513 2399 621 2448 eoram
652 2379 725 2466 ipso
756 2378 907 2465 capitulo
937 2379 1128 2448 Posnuiensi
1158 2381 1285 2450 Gemite
1381 2401 1440 2462 gy
1553 2395 1578 2418 ³

158 2488 283 2558 Jaonbo
313 2488 356 2555 de
371 2486 478 2555 Janolr
508 2506 582 2560 eum
598 2487 722 2555 domito
741 2488 835 2555 Petro
852 2485 952 2555 fratre
966 2507 1027 2556 suo
1042 2487 1086 2555 ah
1100 2506 1167 2558 rna
1180 2495 1284 2576 parte,
1342 2481 1343 2484 '

160 2601 194 2664 et
208 2596 302 2663 Iwnn
318 2593 386 2664 filio
401 2593 472 2663 Filo
487 2593 554 2664 tilio
570 2595 690 2665 sororis
705 2593 924 2682 prediotornm
942 2594 1058 2664 laoobi
1074 2603 1107 2664 et
1137 2593 1226 2666 Petri
1240 2597 1284 2670 ab

159 2701 282 2784 altero,
305 2701 393 2770 idem
425 2700 540 2770 Οοωθι
570 2698 714 2770 Jaeobus
745 2707 896 2786 presente
927 2702 1052 2772 Gemite
1070 2704 1166 2771 Petro
1181 2701 1283 2774 fratre

158 2828 218 2876 suo
234 2813 266 2876 et
282 2809 507 2878 consenciente
523 2807 690 2878 ooniessns
705 2809 821 2878 luisset
837 2811 966 2878 oraoulo
980 2809 1056 2879 vine
1070 2810 1172 2897 noeis,
1197 2809 1285 2896 qued

157 2915 229 3004 ipse
259 2914 494 2984 dimidietatem
534 2915 751 3002 possessionis
791 2935 849 2984 sue
880 2915 1125 2986 (ibenheaiolua
1159 2923 1285 3004 voeab,

156 3032 253 3113 prout
268 3024 377 3110 ipsum
395 3024 551 3093 comitem
568 3024 726 3093 Jaeobnm
743 3031 892 3111 tangeret
920 3043 992 3094 oum
1023 3024 1174 3099 omnibus
1203 3023 1286 3094 rtili·

156 3131 278 3200 tatibus
294 3130 372 3218 suis,
388 3131 513 3202 seilicet
537 3131 632 3200 terris
649 3131 832 3199 arabilibus
849 3145 882 3199 et
896 3152 961 3200 uon
978 3130 1166 3220 arabilibus,
1182 3131 1285 3219 pratis

154 3237 286 3328 lenetis,
300 3239 404 3325 siluis,
420 3238 515 3323 aquis
546 3237 680 3326 piscinis
697 3245 730 3305 et
746 3239 878 3324 pascuis
902 3259 1054 3325 penarum
1084 3259 1158 3309 eum
1187 3238 1287 3326 perti·

154 3345 281 3432 neneijs
311 3345 378 3415 suis
408 3344 572 3415 uniuersis
602 3345 757 3430 dedisset,
783 3345 947 3431 donasset,
962 3346 1149 3418 tradidisset
1165 3354 1198 3417 et
1213 3365 1287 3416 onn-

156 3452 287 3524 tnlisset
301 3453 448 3540 predioto
463 3453 566 3540 Iwan,
585 3459 618 3521 et
633 3472 692 3538 per
707 3473 780 3521 eum
812 3454 883 3523 suis
914 3453 1088 3524 heredibus
1117 3453 1288 3548 heredum·

155 3581 221 3646 qne
235 3579 366 3630 snorum
397 3561 640 3629 suecessoribus
659 3568 821 3648 perpetuo
836 3559 1067 3646 possidendam
1083 3585 1091 3649 ς
1114 3567 1148 3630 et
1162 3581 1221 3648 pro
1237 3581 1288 3648 eo,

155 3669 235 3754 quia
249 3666 336 3737 idem
361 3666 452 3738 lusan
468 3668 503 3734 in
533 3667 647 3737 multis
679 3669 811 3738 ensibus
845 3669 986 3756 seduno,
1002 3673 1038 3737 rt
1069 3667 1289 3757 multiplieiter

155 3777 208 3862 sio
220 3772 439 3860 laudabiliter,
460 3771 572 3844 fidelia
603 3775 754 3864 seruieya
769 3780 802 3842 et
827 3776 996 3845 meritoria
1011 3776 1167 3863 obsequia
1182 3776 1288 3846 eidem

156 3882 275 3953 comiti
290 3883 397 3953 lnobo
412 3881 626 3970 inpendysset
641 3882 816 3970 indelessa,
832 3884 1052 3971 promittendo
1067 3904 1165 3970 quam
1189 3885 1288 3971 pluri·

154 3995 217 4061 bus
248 3992 356 4077 ipsum
386 3992 478 4058 lwan
509 3989 675 4060 adiuuare.
708 3989 768 4060 Oui
796 3991 900 4060 eniam
931 3992 1104 4062 donaoioni
1121 3991 1287 4082 prediatus

156 4100 273 4170 (lomes
288 4099 404 4166 Petrus
420 4117 610 4168 eonsensum
639 4100 824 4186 prebuisset
840 4106 875 4169 et
889 4119 1069 4170 assensum.
1101 4099 1288 4187 obligando

156 4203 307 4292 nequod
338 4223 530 4292 numenque
559 4226 717 4294 proeesse
732 4213 912 4297 temporum
927 4210 1033 4296 ipsum
1047 4207 1140 4276 Iwan
1155 4209 1288 4277 raoione

154 4311 383 4403 prenominato
398 4314 615 4400 possessionis
630 4314 728 4384 vellet
747 4315 904 4402 impetere
919 4315 973 4384 rel
1002 4335 1145 4402 vexare;
1167 4320 1287 4385 extune
1416 4355 1419 4360 ·
1542 4289 1596 4424 5ξῖ

154 4421 241 4490 idem
274 4417 389 4489 Comes
420 4421 563 4491 Jaoobus
592 4429 758 4492 teneretur
782 4423 1026 4512 eum-expedire
1040 4421 1182 4515 proprijs
1198 4423 1286 4495 labo·

154 4526 244 4599 ribus
261 4536 294 4595 et
310 4528 460 4612 expensis
475 4529 535 4600 eth.
551 4529 837 4618 (speraturos
853 4533 984 4619 Tamis,
1000 4532 1080 4600 Isau
1096 4530 1208 4602 lidualx
1223 4532 1290 4602 oda

157 4633 521 4723 intendebamus
545 4639 751 4725 Wyssegrad
766 4640 930 4712 sedenimo
947 4638 1000 4711 die
1014 4646 1200 4712 ooauarem
1217 4640 1292 4718 desit
1375 4659 1378 4666 ·
