3194 5196
828 1097 905 1164 486.

292 1301 342 1366 Az
358 1303 427 1387 epri
441 1295 671 1384 teptalacnal
701 1295 981 1381 bizonysripleuele,
1012 1299 1098 1381 bopy
1124 1293 1245 1360 M'cklris
1260 1293 1436 1361 Starltnuk

283 1407 340 1490 fia
359 1413 391 1469 eu
408 1405 623 1484 orerecurrunt,
639 1429 654 1470 s
671 1402 819 1469 leoaoltio
838 1404 870 1465 es
887 1401 1093 1467 e'rdelotciraoe‘
1113 1399 1285 1468 Tuccabor
1307 1403 1432 1469 Tur-oea
1531 1445 1533 1448 -

427 1515 460 1577 es
476 1508 611 1578 Choicae
628 1509 923 1576 orotbeeokuktan
939 1505 1170 1574 osrtoztoctet.
1195 1507 1296 1574 1297.

402 1703 561 1771 Omnibus
580 1701 699 1772 Christi
713 1701 865 1770 fidelibus
885 1707 950 1767 tam
966 1699 1175 1787 presentibus
1191 1720 1290 1784 quam
1307 1700 1424 1769 futuris

296 1829 432 1898 presens
448 1812 603 1897 scriptum
635 1809 827 1894 inspecturis
861 1805 1048 1894 Capitulum
1078 1807 1227 1876 Ecclesie
1256 1807 1430 1891 Agriensis

296 1919 436 1985 salntem
468 1917 502 1982 in
534 1918 676 1985 omnium
709 1915 882 1984 saluatore.
918 1913 970 1981 sd
1008 1914 1230 1984 uniuersorum
1270 1913 1430 1982 noticiam
1464 1977 1469 1982 .

296 2031 411 2090 tenore
440 2023 644 2109 presencium
669 2021 816 2090 volumus
831 2023 1014 2108 peruenire,
1046 2019 1132 2106 quod
1159 2020 1329 2107 Nycolaus
1345 2021 1430 2089 lilius

296 2129 408 2216 Starlr,
441 2129 517 2195 item
549 2129 660 2197 Budnr
691 2136 723 2198 et
752 2129 868 2198 Petrus
902 2127 960 2215 lilij
986 2129 1078 2194 Sanlr
1094 2126 1210 2196 iratres
1226 2125 1375 2194 eiusdem
1391 2129 1432 2195 de

292 2235 391 2302 ⁴iuxts
421 2234 553 2304 Turuch
584 2255 625 2302 ex
666 2257 731 2303 una
761 2244 886 2322 perte;
920 2236 962 2304 ab
993 2234 1098 2300 altera
1136 2255 1214 2301 uero
1244 2234 1430 2302 Iwaclrinus

289 2359 402 2427 tnyger
435 2346 468 2408 et
483 2341 593 2409 Pouch
625 2342 683 2429 filij
700 2343 822 2428 Egidij,
837 2343 915 2410 item
932 2339 1064 2428 Paulus,
1080 2341 1249 2409 lohannes
1265 2347 1299 2408 et
1314 2340 1431 2408 Petrus

295 2445 355 2530 filij
372 2447 504 2533 Thornc,
524 2450 757 2533 consanguinei
783 2449 957 2517 eorundem
974 2447 1116 2534 Nycolai
1132 2453 1165 2514 et
1178 2447 1318 2514 filiorum
1333 2447 1426 2514 Sanlr

297 2549 339 2620 (le
354 2551 470 2620 eaden
488 2555 579 2621 iuxta
594 2556 734 2642 Turuoh,
754 2575 860 2624 coram
887 2554 981 2622 nobis
1013 2554 1229 2641 personaliter
1260 2553 1426 2621 constituti

298 2657 483 2744 retulerunt,
517 2660 603 2746 quod
633 2663 668 2729 in
699 2663 824 2730 duabus
855 2660 1118 2746 possessionibus
1142 2661 1285 2746 ipsorum
1304 2659 1431 2727 heredi·

297 2765 392 2851 tarijs
407 2765 537 2834 'Puruch
555 2775 588 2835 et
603 2767 740 2835 Obalran
766 2769 892 2836 vocatis
925 2767 1020 2834 iuxta
1049 2765 1180 2834 Turuch
1212 2765 1429 2834 existentibus

297 2877 371 2960 pari
402 2892 563 2942 consensu
595 2875 693 2942 talem
724 2873 809 2941 inter
823 2893 859 2941 se
875 2873 1031 2942 iecissent
1055 2872 1258 2956 diuisionem,
1274 2871 1362 2955 quod
1379 2872 1425 2956 ip·

296 2998 366 3046 sanr
383 2979 626 3065 possessionem
642 2980 779 3047 Chalran
795 3001 866 3048 oum
885 2981 1048 3048 uniuersis
1064 2978 1262 3047 utilitatibus
1293 2979 1363 3046 suis
1394 2979 1427 3043 in

292 3085 380 3153 duas
414 3094 523 3170 partes
555 3088 688 3171 equales
720 3087 919 3169 diuisissent,
952 3087 1124 3172 exquibus
1150 3104 1307 3168 unapars
1323 3083 1428 3151 eidern

295 3192 445 3280 Nycolao
462 3198 494 3260 et
525 3193 601 3279 filijs
632 3193 723 3260 Sanls
755 3194 963 3280 supradictis,
997 3214 1037 3259 ec
1067 3193 1242 3276 heredibus
1273 3191 1426 3277 ipsorum,

297 3299 425 3383 reliqua
455 3300 523 3366 elia
553 3319 629 3386 pers
644 3300 809 3368 Inachino
825 3307 859 3367 et
873 3300 952 3386 alijs
969 3299 1153 3386 antedictis,
1183 3316 1324 3366 necnon
1339 3297 1430 3364 bere-

295 3405 393 3471 dibus
410 3404 585 3474 eorundem
602 3407 775 3474 cessissent
790 3413 947 3492 perpetuo
976 3402 1179 3492 possidendo
1210 3410 1242 3471 et
1271 3403 1429 3470 habende.

297 3507 380 3578 ltern
421 3513 582 3598 prefatam
623 3513 860 3599 possessionem
901 3511 1033 3578 Turucb
1074 3511 1225 3579 similiter
1255 3530 1327 3576 cum
1359 3511 1427 3576 suis

248 3689 256 3704 ,
293 3617 493 3684 utilitatibus
509 3618 658 3686 omnibus
675 3619 708 3684 in
725 3626 790 3685 tres
803 3625 913 3704 partes
933 3619 1078 3704 equales,
1087 3617 1182 3684 meti
1213 3615 1431 3700 infrascriptis

292 3721 502 3808 distingendo
535 3725 576 3790 ab
592 3725 743 3810 inuicem,
776 3723 977 3812 diuisissent,
997 3725 1172 3809 exquibus
1188 3743 1253 3790 vna
1269 3743 1345 3809 pers
1361 3724 1427 3789 sita

292 3829 330 3896 iu
346 3830 453 3897 medio
485 3831 646 3900 dictarum
677 3831 813 3899 duarum
845 3833 993 3917 parcium
1025 3851 1097 3898 cunr
1130 3829 1326 3899 utilitatibus
1356 3829 1426 3896 suis

296 3936 463 4006 Iwacbino
496 3945 529 4005 et
544 3940 619 4005 aliis
651 3939 805 4024 predictis
836 3960 876 4007 ac
908 3938 1082 4005 heredibus
1109 3937 1254 4023 ipsorum
1270 3941 1424 4022 perpetuo
1478 3965 1483 3972 ·

294 4043 447 4112 cessisset
478 4043 678 4130 possidenda
707 4052 741 4110 et
770 4045 932 4132 habende,
964 4045 1089 4129 relique
1106 4051 1215 4111 autern
1234 4043 1297 4109 due
1313 4049 1425 4127 partes

293 4150 337 4218 ab
353 4159 491 4237 utraque
506 4159 599 4238 parts
614 4149 756 4218 eiusdem
779 4151 873 4219 nnius
905 4151 1011 4238 partis
1044 4150 1222 4217 existentes
1248 4169 1322 4216 curn
1352 4146 1428 4215 atti·

293 4257 418 4343 neneijs
450 4258 518 4326 suis
549 4257 710 4325 uniuersis
741 4256 837 4324 dictis
869 4255 1020 4344 Nycolao
1046 4265 1078 4324 ct
1093 4257 1172 4340 filijs
1187 4255 1279 4323 Sank
1295 4274 1334 4321 ac
1350 4272 1421 4320 snc-

286 4364 476 4431 ·oessoribns
493 4362 665 4431 eorundem
681 4363 830 4431 similiter
844 4372 1003 4450 perpetuo
1024 4363 1221 4449 possidende
1252 4362 1424 4429 remansis·
1542 4434 1546 4442 ¹

292 4477 375 4536 sent.
407 4471 511 4538 bletas
542 4477 648 4537 autem
681 4469 823 4540 ciusdem
852 4478 937 4538 terre
960 4469 1103 4558 Turucb,
1119 4469 1237 4554 quibus
1253 4467 1340 4536 dicte
1356 4473 1428 4532 tres

291 4575 453 4660 particule
469 4583 553 4642 terre
569 4579 612 4643 ab
628 4576 767 4643 inuicem
783 4585 988 4664 separantur,
1014 4583 1124 4662 portes
1154 4576 1263 4643 taliter
1292 4591 1423 4658 expres·

287 4681 403 4742 serunt
435 4697 545 4747 coram
577 4680 670 4749 nobis
687 4707 695 4749 ε
713 4679 798 4763 quod
830 4681 935 4766 prima
966 4687 1054 4748 meta
1080 4679 1192 4766 incipit
1209 4699 1308 4766 super
1323 4676 1422 4746 tluuio
