<?xml version="1.0" encoding="UTF-8"?>
<!DOCTYPE html PUBLIC "-//W3C//DTD XHTML 1.0 Transitional//EN"
    "http://www.w3.org/TR/xhtml1/DTD/xhtml1-transitional.dtd">
<html xmlns="http://www.w3.org/1999/xhtml" xml:lang="en" lang="en">
 <head>
  <title>
</title>
<meta http-equiv="Content-Type" content="text/html;charset=utf-8" />
  <meta name='ocr-system' content='tesseract 3.04.00' />
  <meta name='ocr-capabilities' content='ocr_page ocr_carea ocr_par ocr_line ocrx_word'/>
</head>
<body>
  <div class='ocr_page' id='page_1' title='image "./codexdiplomatic00wenzgoog_0328.png"; bbox 0 0 3096 5202; ppageno 0'>
   <div class='ocr_carea' id='block_1_1' title="bbox 843 382 1003 491">
    <p class='ocr_par' dir='ltr' id='par_1_1' title="bbox 843 382 1003 491">
     <span class='ocr_line' id='line_1_1' title="bbox 843 382 1003 491; baseline 0 -38"><span class='ocrx_word' id='word_1_1' title='bbox 843 382 1003 491; x_wconf 38' lang='lat' dir='ltr'><strong>„neg</strong></span> 
     </span>
    </p>
   </div>
   <div class='ocr_carea' id='block_1_2' title="bbox 359 567 1470 2292">
    <p class='ocr_par' dir='ltr' id='par_1_2' title="bbox 359 567 1470 2292">
     <span class='ocr_line' id='line_1_2' title="bbox 360 567 1466 674; baseline 0.005 -24"><span class='ocrx_word' id='word_1_2' title='bbox 360 585 470 650; x_wconf 88' lang='lat' dir='ltr'><strong>taruut</strong></span> <span class='ocrx_word' id='word_1_3' title='bbox 485 579 686 652; x_wconf 76' lang='lat' dir='ltr'><strong>continentes</strong></span> <span class='ocrx_word' id='word_1_4' title='bbox 703 606 712 650; x_wconf 75' lang='grc' dir='ltr'><strong><em>ε</em></strong></span> <span class='ocrx_word' id='word_1_5' title='bbox 731 579 817 668; x_wconf 89' lang='lat' dir='ltr'><strong>quod</strong></span> <span class='ocrx_word' id='word_1_6' title='bbox 834 582 917 653; x_wconf 86' lang='lat' dir='ltr'><strong>inter</strong></span> <span class='ocrx_word' id='word_1_7' title='bbox 934 583 1151 672; x_wconf 73' lang='lat' dir='ltr'><strong>prodidisset</strong></span> <span class='ocrx_word' id='word_1_8' title='bbox 1179 583 1307 656; x_wconf 86' lang='lat' dir='ltr'><strong>nobilee</strong></span> <span class='ocrx_word' id='word_1_9' title='bbox 1337 567 1466 674; x_wconf 64' lang='lat' dir='ltr'><strong>Jobnpic</strong></span> 
     </span>
     <span class='ocr_line' id='line_1_3' title="bbox 359 689 1468 784; baseline 0.009 -28"><span class='ocrx_word' id='word_1_10' title='bbox 359 709 418 758; x_wconf 91' lang='lat' dir='ltr'><strong>nes</strong></span> <span class='ocrx_word' id='word_1_11' title='bbox 434 689 539 758; x_wconf 73' lang='lat' dir='ltr'><strong>(taetri</strong></span> <span class='ocrx_word' id='word_1_12' title='bbox 565 690 607 758; x_wconf 90' lang='lat' dir='ltr'><strong>de</strong></span> <span class='ocrx_word' id='word_1_13' title='bbox 622 693 764 780; x_wconf 82' lang='lat' dir='ltr'><strong>Reyche,</strong></span> <span class='ocrx_word' id='word_1_14' title='bbox 784 693 901 762; x_wconf 89' lang='lat' dir='ltr'><strong>litteris</strong></span> <span class='ocrx_word' id='word_1_15' title='bbox 916 696 949 764; x_wconf 88' lang='lat' dir='ltr'><strong>in</strong></span> <span class='ocrx_word' id='word_1_16' title='bbox 964 695 1085 766; x_wconf 81' lang='lat' dir='ltr'><strong>eisdem</strong></span> <span class='ocrx_word' id='word_1_17' title='bbox 1102 698 1300 784; x_wconf 67' lang='lat' dir='ltr'><strong>nominatos·</strong></span> <span class='ocrx_word' id='word_1_18' title='bbox 1314 701 1349 764; x_wconf 84' lang='lat' dir='ltr'><strong>vt</strong></span> <span class='ocrx_word' id='word_1_19' title='bbox 1361 703 1468 766; x_wconf 78' lang='lat' dir='ltr'><strong>acures</strong></span> 
     </span>
     <span class='ocr_line' id='line_1_4' title="bbox 359 798 1466 892; baseline 0.006 -27"><span class='ocrx_word' id='word_1_20' title='bbox 359 798 401 866; x_wconf 89' lang='lat' dir='ltr'><strong>ab</strong></span> <span class='ocrx_word' id='word_1_21' title='bbox 417 818 491 886; x_wconf 88' lang='lat' dir='ltr'><strong>vna,</strong></span> <span class='ocrx_word' id='word_1_22' title='bbox 508 805 542 867; x_wconf 89' lang='lat' dir='ltr'><strong>et</strong></span> <span class='ocrx_word' id='word_1_23' title='bbox 556 798 641 868; x_wconf 89' lang='lat' dir='ltr'><strong>inter</strong></span> <span class='ocrx_word' id='word_1_24' title='bbox 657 800 856 888; x_wconf 78' lang='lat' dir='ltr'><strong>Stephanum</strong></span> <span class='ocrx_word' id='word_1_25' title='bbox 872 803 973 871; x_wconf 85' lang='lat' dir='ltr'><strong>lilium</strong></span> <span class='ocrx_word' id='word_1_26' title='bbox 990 804 1148 891; x_wconf 90' lang='lat' dir='ltr'><strong>Stephani</strong></span> <span class='ocrx_word' id='word_1_27' title='bbox 1164 805 1223 892; x_wconf 88' lang='lat' dir='ltr'><strong>rilij</strong></span> <span class='ocrx_word' id='word_1_28' title='bbox 1241 803 1364 891; x_wconf 83' lang='lat' dir='ltr'><strong>Mychk</strong></span> <span class='ocrx_word' id='word_1_29' title='bbox 1387 803 1466 890; x_wconf 81' lang='lat' dir='ltr'><strong>Beni,</strong></span> 
     </span>
     <span class='ocr_line' id='line_1_5' title="bbox 361 905 1470 999; baseline 0.006 -28"><span class='ocrx_word' id='word_1_30' title='bbox 361 913 455 991; x_wconf 87' lang='lat' dir='ltr'><strong>parte</strong></span> <span class='ocrx_word' id='word_1_31' title='bbox 484 909 527 976; x_wconf 87' lang='lat' dir='ltr'><strong>ab</strong></span> <span class='ocrx_word' id='word_1_32' title='bbox 547 905 613 974; x_wconf 86' lang='lat' dir='ltr'><strong>alie</strong></span> <span class='ocrx_word' id='word_1_33' title='bbox 643 927 742 994; x_wconf 89' lang='lat' dir='ltr'><strong>super</strong></span> <span class='ocrx_word' id='word_1_34' title='bbox 774 911 994 998; x_wconf 86' lang='lat' dir='ltr'><strong>occupacione</strong></span> <span class='ocrx_word' id='word_1_35' title='bbox 1025 912 1198 981; x_wconf 91' lang='lat' dir='ltr'><strong>eorundem</strong></span> <span class='ocrx_word' id='word_1_36' title='bbox 1229 910 1425 999; x_wconf 82' lang='lat' dir='ltr'><strong>predialium,</strong></span> <span class='ocrx_word' id='word_1_37' title='bbox 1445 917 1470 979; x_wconf 86' lang='lat' dir='ltr'><strong>et</strong></span> 
     </span>
     <span class='ocr_line' id='line_1_6' title="bbox 361 1015 1470 1106; baseline 0.005 -25"><span class='ocrx_word' id='word_1_38' title='bbox 361 1015 577 1100; x_wconf 85' lang='lat' dir='ltr'><strong>quorumlihet</strong></span> <span class='ocrx_word' id='word_1_39' title='bbox 588 1015 709 1101; x_wconf 92' lang='lat' dir='ltr'><strong>jurium</strong></span> <span class='ocrx_word' id='word_1_40' title='bbox 726 1016 878 1106; x_wconf 87' lang='lat' dir='ltr'><strong>ipsorum,</strong></span> <span class='ocrx_word' id='word_1_41' title='bbox 896 1039 1002 1088; x_wconf 86' lang='lat' dir='ltr'><strong>eorem</strong></span> <span class='ocrx_word' id='word_1_42' title='bbox 1019 1020 1094 1106; x_wconf 87' lang='lat' dir='ltr'><strong>ipsa</strong></span> <span class='ocrx_word' id='word_1_43' title='bbox 1109 1019 1241 1088; x_wconf 84' lang='lat' dir='ltr'><strong>domina</strong></span> <span class='ocrx_word' id='word_1_44' title='bbox 1255 1027 1367 1087; x_wconf 88' lang='lat' dir='ltr'><strong>nostra</strong></span> <span class='ocrx_word' id='word_1_45' title='bbox 1392 1019 1470 1102; x_wconf 72' lang='lat' dir='ltr'><strong>Regi·</strong></span> 
     </span>
     <span class='ocr_line' id='line_1_7' title="bbox 361 1122 1469 1216; baseline 0.003 -25"><span class='ocrx_word' id='word_1_46' title='bbox 361 1143 405 1191; x_wconf 85' lang='lat' dir='ltr'><strong>na</strong></span> <span class='ocrx_word' id='word_1_47' title='bbox 435 1122 475 1190; x_wconf 87' lang='lat' dir='ltr'><strong>lis</strong></span> <span class='ocrx_word' id='word_1_48' title='bbox 492 1129 580 1191; x_wconf 90' lang='lat' dir='ltr'><strong>mota</strong></span> <span class='ocrx_word' id='word_1_49' title='bbox 610 1122 798 1214; x_wconf 77' lang='lat' dir='ltr'><strong>exstitisset,</strong></span> <span class='ocrx_word' id='word_1_50' title='bbox 830 1127 864 1192; x_wconf 93' lang='lat' dir='ltr'><strong>in</strong></span> <span class='ocrx_word' id='word_1_51' title='bbox 880 1147 945 1212; x_wconf 87' lang='lat' dir='ltr'><strong>qna</strong></span> <span class='ocrx_word' id='word_1_52' title='bbox 977 1127 1107 1213; x_wconf 91' lang='lat' dir='ltr'><strong>quidem</strong></span> <span class='ocrx_word' id='word_1_53' title='bbox 1140 1130 1208 1214; x_wconf 89' lang='lat' dir='ltr'><strong>lite,</strong></span> <span class='ocrx_word' id='word_1_54' title='bbox 1235 1129 1308 1216; x_wconf 91' lang='lat' dir='ltr'><strong>ipso</strong></span> <span class='ocrx_word' id='word_1_55' title='bbox 1324 1127 1469 1214; x_wconf 85' lang='lat' dir='ltr'><strong>Stephano</strong></span> 
     </span>
     <span class='ocr_line' id='line_1_8' title="bbox 361 1229 1470 1322; baseline 0 -20"><span class='ocrx_word' id='word_1_56' title='bbox 361 1230 427 1302; x_wconf 82' lang='lat' dir='ltr'><strong>filio</strong></span> <span class='ocrx_word' id='word_1_57' title='bbox 457 1229 614 1317; x_wconf 78' lang='lat' dir='ltr'><strong>Stephani</strong></span> <span class='ocrx_word' id='word_1_58' title='bbox 646 1232 826 1317; x_wconf 83' lang='lat' dir='ltr'><strong>deficiente,</strong></span> <span class='ocrx_word' id='word_1_59' title='bbox 858 1233 973 1304; x_wconf 89' lang='lat' dir='ltr'><strong>eadem</strong></span> <span class='ocrx_word' id='word_1_60' title='bbox 1004 1234 1133 1303; x_wconf 86' lang='lat' dir='ltr'><strong>domina</strong></span> <span class='ocrx_word' id='word_1_61' title='bbox 1166 1236 1297 1322; x_wconf 82' lang='lat' dir='ltr'><strong>Regina</strong></span> <span class='ocrx_word' id='word_1_62' title='bbox 1336 1236 1470 1304; x_wconf 84' lang='lat' dir='ltr'><strong>uniuersa</strong></span> 
     </span>
     <span class='ocr_line' id='line_1_9' title="bbox 362 1337 1469 1432; baseline 0.003 -27"><span class='ocrx_word' id='word_1_63' title='bbox 362 1338 518 1425; x_wconf 79' lang='lat' dir='ltr'><strong>predicet</strong></span> <span class='ocrx_word' id='word_1_64' title='bbox 532 1337 695 1425; x_wconf 87' lang='lat' dir='ltr'><strong>quaslibet</strong></span> <span class='ocrx_word' id='word_1_65' title='bbox 711 1341 883 1427; x_wconf 87' lang='lat' dir='ltr'><strong>porciones</strong></span> <span class='ocrx_word' id='word_1_66' title='bbox 897 1344 1172 1430; x_wconf 74' lang='lat' dir='ltr'><strong>possessionariae</strong></span> <span class='ocrx_word' id='word_1_67' title='bbox 1187 1342 1346 1411; x_wconf 90' lang='lat' dir='ltr'><strong>dictorum</strong></span> <span class='ocrx_word' id='word_1_68' title='bbox 1360 1342 1469 1432; x_wconf 83' lang='lat' dir='ltr'><strong>predio-</strong></span> 
     </span>
     <span class='ocr_line' id='line_1_10' title="bbox 361 1445 1468 1536; baseline 0.002 -22"><span class='ocrx_word' id='word_1_69' title='bbox 361 1447 452 1533; x_wconf 89' lang='lat' dir='ltr'><strong>lium,</strong></span> <span class='ocrx_word' id='word_1_70' title='bbox 483 1445 571 1533; x_wconf 86' lang='lat' dir='ltr'><strong>ipsos</strong></span> <span class='ocrx_word' id='word_1_71' title='bbox 602 1446 646 1515; x_wconf 87' lang='lat' dir='ltr'><strong>ab</strong></span> <span class='ocrx_word' id='word_1_72' title='bbox 676 1450 810 1534; x_wconf 86' lang='lat' dir='ltr'><strong>antiqno</strong></span> <span class='ocrx_word' id='word_1_73' title='bbox 840 1449 1073 1536; x_wconf 81' lang='lat' dir='ltr'><strong>contingentes,</strong></span> <span class='ocrx_word' id='word_1_74' title='bbox 1104 1451 1164 1519; x_wconf 91' lang='lat' dir='ltr'><strong>snb</strong></span> <span class='ocrx_word' id='word_1_75' title='bbox 1196 1450 1429 1521; x_wconf 90' lang='lat' dir='ltr'><strong>condicionibus</strong></span> <span class='ocrx_word' id='word_1_76' title='bbox 1442 1459 1468 1518; x_wconf 90' lang='lat' dir='ltr'><strong>et</strong></span> 
     </span>
     <span class='ocr_line' id='line_1_11' title="bbox 361 1554 1466 1647; baseline 0.002 -25"><span class='ocrx_word' id='word_1_77' title='bbox 361 1554 564 1623; x_wconf 81' lang='lat' dir='ltr'><strong>libertatibus</strong></span> <span class='ocrx_word' id='word_1_78' title='bbox 579 1574 698 1641; x_wconf 84' lang='lat' dir='ltr'><strong>eorum,</strong></span> <span class='ocrx_word' id='word_1_79' title='bbox 715 1557 764 1626; x_wconf 85' lang='lat' dir='ltr'><strong>eis</strong></span> <span class='ocrx_word' id='word_1_80' title='bbox 780 1565 936 1626; x_wconf 89' lang='lat' dir='ltr'><strong>eteorum</strong></span> <span class='ocrx_word' id='word_1_81' title='bbox 953 1558 1126 1628; x_wconf 81' lang='lat' dir='ltr'><strong>heredibus</strong></span> <span class='ocrx_word' id='word_1_82' title='bbox 1146 1567 1305 1647; x_wconf 90' lang='lat' dir='ltr'><strong>perpetuo</strong></span> <span class='ocrx_word' id='word_1_83' title='bbox 1321 1558 1466 1645; x_wconf 88' lang='lat' dir='ltr'><strong>possiden-</strong></span> 
     </span>
     <span class='ocr_line' id='line_1_12' title="bbox 362 1663 1467 1753; baseline -0.001 -22"><span class='ocrx_word' id='word_1_84' title='bbox 362 1664 423 1731; x_wconf 88' lang='lat' dir='ltr'><strong>das</strong></span> <span class='ocrx_word' id='word_1_85' title='bbox 451 1667 628 1732; x_wconf 88' lang='lat' dir='ltr'><strong>restatuere</strong></span> <span class='ocrx_word' id='word_1_86' title='bbox 643 1665 874 1750; x_wconf 79' lang='lat' dir='ltr'><strong>commisisset3</strong></span> <span class='ocrx_word' id='word_1_87' title='bbox 898 1667 1021 1735; x_wconf 83' lang='lat' dir='ltr'><strong>Paulus</strong></span> <span class='ocrx_word' id='word_1_88' title='bbox 1037 1667 1146 1753; x_wconf 87' lang='lat' dir='ltr'><strong>itaque</strong></span> <span class='ocrx_word' id='word_1_89' title='bbox 1173 1667 1280 1735; x_wconf 87' lang='lat' dir='ltr'><strong>dictus</strong></span> <span class='ocrx_word' id='word_1_90' title='bbox 1311 1672 1414 1734; x_wconf 83' lang='lat' dir='ltr'><strong>contra</strong></span> <span class='ocrx_word' id='word_1_91' title='bbox 1434 1663 1467 1730; x_wconf 87' lang='lat' dir='ltr'><strong>de</strong></span> 
     </span>
     <span class='ocr_line' id='line_1_13' title="bbox 364 1769 1467 1863; baseline 0 -25"><span class='ocrx_word' id='word_1_92' title='bbox 364 1769 509 1858; x_wconf 78' lang='lat' dir='ltr'><strong>Nugeeh,</strong></span> <span class='ocrx_word' id='word_1_93' title='bbox 540 1770 636 1842; x_wconf 89' lang='lat' dir='ltr'><strong>homo</strong></span> <span class='ocrx_word' id='word_1_94' title='bbox 665 1774 843 1860; x_wconf 76' lang='lat' dir='ltr'><strong>Reginahs,</strong></span> <span class='ocrx_word' id='word_1_95' title='bbox 873 1775 918 1842; x_wconf 87' lang='lat' dir='ltr'><strong>ad</strong></span> <span class='ocrx_word' id='word_1_96' title='bbox 948 1775 983 1842; x_wconf 91' lang='lat' dir='ltr'><strong>id</strong></span> <span class='ocrx_word' id='word_1_97' title='bbox 1000 1775 1184 1863; x_wconf 75' lang='lat' dir='ltr'><strong>specialiter</strong></span> <span class='ocrx_word' id='word_1_98' title='bbox 1215 1775 1467 1859; x_wconf 65' lang='lat' dir='ltr'><strong>transmeasset</strong></span> 
     </span>
     <span class='ocr_line' id='line_1_14' title="bbox 363 1879 1466 1969; baseline -0.002 -22"><span class='ocrx_word' id='word_1_99' title='bbox 363 1880 519 1964; x_wconf 81' lang='lat' dir='ltr'><strong>Magister</strong></span> <span class='ocrx_word' id='word_1_100' title='bbox 535 1879 712 1966; x_wconf 79' lang='lat' dir='ltr'><strong>Gregorius</strong></span> <span class='ocrx_word' id='word_1_101' title='bbox 738 1882 920 1950; x_wconf 80' lang='lat' dir='ltr'><strong>cononicus</strong></span> <span class='ocrx_word' id='word_1_102' title='bbox 950 1881 1054 1969; x_wconf 89' lang='lat' dir='ltr'><strong>ipsius</strong></span> <span class='ocrx_word' id='word_1_103' title='bbox 1085 1882 1226 1969; x_wconf 83' lang='lat' dir='ltr'><strong>Capituli</strong></span> <span class='ocrx_word' id='word_1_104' title='bbox 1258 1880 1466 1966; x_wconf 82' lang='lat' dir='ltr'><strong>testimonium,</strong></span> 
     </span>
     <span class='ocr_line' id='line_1_15' title="bbox 362 1987 1469 2078; baseline -0.002 -24"><span class='ocrx_word' id='word_1_105' title='bbox 362 1987 405 2054; x_wconf 85' lang='lat' dir='ltr'><strong>ed</strong></span> <span class='ocrx_word' id='word_1_106' title='bbox 421 1987 523 2057; x_wconf 87' lang='lat' dir='ltr'><strong>iacies</strong></span> <span class='ocrx_word' id='word_1_107' title='bbox 554 1989 777 2058; x_wconf 89' lang='lat' dir='ltr'><strong>uniuersorum</strong></span> <span class='ocrx_word' id='word_1_108' title='bbox 810 1989 994 2076; x_wconf 88' lang='lat' dir='ltr'><strong>prediorum</strong></span> <span class='ocrx_word' id='word_1_109' title='bbox 1011 1999 1043 2060; x_wconf 88' lang='lat' dir='ltr'><strong>et</strong></span> <span class='ocrx_word' id='word_1_110' title='bbox 1060 1993 1248 2078; x_wconf 85' lang='lat' dir='ltr'><strong>porcionem</strong></span> <span class='ocrx_word' id='word_1_111' title='bbox 1270 1987 1469 2078; x_wconf 81' lang='lat' dir='ltr'><strong>possessionu-</strong></span> 
     </span>
     <span class='ocr_line' id='line_1_16' title="bbox 363 2095 1466 2183; baseline 0.002 -21"><span class='ocrx_word' id='word_1_112' title='bbox 363 2095 484 2164; x_wconf 88' lang='lat' dir='ltr'><strong>riarum</strong></span> <span class='ocrx_word' id='word_1_113' title='bbox 515 2095 765 2183; x_wconf 76' lang='lat' dir='ltr'><strong>prescriptorum</strong></span> <span class='ocrx_word' id='word_1_114' title='bbox 797 2098 990 2183; x_wconf 87' lang='lat' dir='ltr'><strong>predialinm</strong></span> <span class='ocrx_word' id='word_1_115' title='bbox 1013 2106 1045 2167; x_wconf 91' lang='lat' dir='ltr'><strong>et</strong></span> <span class='ocrx_word' id='word_1_116' title='bbox 1076 2099 1230 2168; x_wconf 89' lang='lat' dir='ltr'><strong>nobilium</strong></span> <span class='ocrx_word' id='word_1_117' title='bbox 1262 2097 1466 2183; x_wconf 79' lang='lat' dir='ltr'><strong>Johegicunm,</strong></span> 
     </span>
     <span class='ocr_line' id='line_1_17' title="bbox 364 2201 1466 2292; baseline -0.002 -22"><span class='ocrx_word' id='word_1_118' title='bbox 364 2201 517 2271; x_wconf 86' lang='lat' dir='ltr'><strong>videlicet</strong></span> <span class='ocrx_word' id='word_1_119' title='bbox 527 2202 689 2272; x_wconf 77' lang='lat' dir='ltr'><strong>iohannis</strong></span> <span class='ocrx_word' id='word_1_120' title='bbox 698 2204 757 2291; x_wconf 84' lang='lat' dir='ltr'><strong>filij</strong></span> <span class='ocrx_word' id='word_1_121' title='bbox 771 2206 909 2274; x_wconf 73' lang='lat' dir='ltr'><strong>himerici</strong></span> <span class='ocrx_word' id='word_1_122' title='bbox 921 2205 961 2273; x_wconf 93' lang='lat' dir='ltr'><strong>de</strong></span> <span class='ocrx_word' id='word_1_123' title='bbox 977 2206 1090 2292; x_wconf 88' lang='lat' dir='ltr'><strong>Zelna,</strong></span> <span class='ocrx_word' id='word_1_124' title='bbox 1107 2207 1244 2275; x_wconf 75' lang='lat' dir='ltr'><strong>alteriue</strong></span> <span class='ocrx_word' id='word_1_125' title='bbox 1261 2205 1411 2276; x_wconf 86' lang='lat' dir='ltr'><strong>Johanuis</strong></span> <span class='ocrx_word' id='word_1_126' title='bbox 1419 2203 1466 2288; x_wconf 89' lang='lat' dir='ltr'><strong>iiij</strong></span> 
     </span>
    </p>
   </div>
   <div class='ocr_carea' id='block_1_3' title="bbox 257 2309 1468 2403">
    <p class='ocr_par' dir='ltr' id='par_1_3' title="bbox 257 2309 1468 2403">
     <span class='ocr_line' id='line_1_18' title="bbox 257 2309 1468 2403; baseline -0.007 -19"><span class='ocrx_word' id='word_1_127' title='bbox 257 2379 260 2384; x_wconf 88' lang='lat'>.</span> <span class='ocrx_word' id='word_1_128' title='bbox 365 2310 504 2379; x_wconf 82' lang='lat' dir='ltr'><strong>Fabiani</strong></span> <span class='ocrx_word' id='word_1_129' title='bbox 516 2311 557 2380; x_wconf 92' lang='lat' dir='ltr'><strong>de</strong></span> <span class='ocrx_word' id='word_1_130' title='bbox 567 2311 740 2400; x_wconf 87' lang='lat' dir='ltr'><strong>Rempoch,</strong></span> <span class='ocrx_word' id='word_1_131' title='bbox 752 2311 885 2398; x_wconf 76' lang='lat' dir='ltr'><strong>Georgij</strong></span> <span class='ocrx_word' id='word_1_132' title='bbox 897 2312 955 2403; x_wconf 88' lang='lat' dir='ltr'><strong>lilij</strong></span> <span class='ocrx_word' id='word_1_133' title='bbox 967 2314 1107 2382; x_wconf 81' lang='lat' dir='ltr'><strong>Fabiani</strong></span> <span class='ocrx_word' id='word_1_134' title='bbox 1116 2313 1157 2380; x_wconf 89' lang='lat' dir='ltr'><strong>de</strong></span> <span class='ocrx_word' id='word_1_135' title='bbox 1167 2313 1344 2398; x_wconf 86' lang='lat' dir='ltr'><strong>Senlfelde,</strong></span> <span class='ocrx_word' id='word_1_136' title='bbox 1354 2309 1468 2380; x_wconf 82' lang='lat' dir='ltr'><strong>Wrbaui</strong></span> 
     </span>
    </p>
   </div>
   <div class='ocr_carea' id='block_1_4' title="bbox 296 2417 1469 3268">
    <p class='ocr_par' dir='ltr' id='par_1_4' title="bbox 296 2417 1469 2838">
     <span class='ocr_line' id='line_1_19' title="bbox 364 2417 1468 2512; baseline -0.002 -28"><span class='ocrx_word' id='word_1_137' title='bbox 364 2419 424 2503; x_wconf 90' lang='lat' dir='ltr'><strong>lilij</strong></span> <span class='ocrx_word' id='word_1_138' title='bbox 437 2417 574 2486; x_wconf 79' lang='lat' dir='ltr'><strong>Fabiani</strong></span> <span class='ocrx_word' id='word_1_139' title='bbox 585 2417 974 2508; x_wconf 84' lang='lat' dir='ltr'><strong>derlranolch‚Andree</strong></span> <span class='ocrx_word' id='word_1_140' title='bbox 983 2421 1041 2512; x_wconf 86' lang='lat' dir='ltr'><strong>tilij</strong></span> <span class='ocrx_word' id='word_1_141' title='bbox 1054 2423 1204 2490; x_wconf 83' lang='lat' dir='ltr'><strong>Barnabe</strong></span> <span class='ocrx_word' id='word_1_142' title='bbox 1213 2417 1468 2503; x_wconf 84' lang='lat' dir='ltr'><strong>deLuhueboueh,</strong></span> 
     </span>
     <span class='ocr_line' id='line_1_20' title="bbox 364 2523 1469 2619; baseline 0.001 -31"><span class='ocrx_word' id='word_1_143' title='bbox 364 2523 453 2591; x_wconf 89' lang='lat' dir='ltr'><strong>Petri</strong></span> <span class='ocrx_word' id='word_1_144' title='bbox 464 2524 523 2611; x_wconf 85' lang='lat' dir='ltr'><strong>filij</strong></span> <span class='ocrx_word' id='word_1_145' title='bbox 535 2525 626 2594; x_wconf 84' lang='lat' dir='ltr'><strong>lwan</strong></span> <span class='ocrx_word' id='word_1_146' title='bbox 638 2525 678 2593; x_wconf 90' lang='lat' dir='ltr'><strong>de</strong></span> <span class='ocrx_word' id='word_1_147' title='bbox 688 2526 816 2596; x_wconf 83' lang='lat' dir='ltr'><strong>Welilre</strong></span> <span class='ocrx_word' id='word_1_148' title='bbox 834 2528 962 2614; x_wconf 87' lang='lat' dir='ltr'><strong>hlelike,</strong></span> <span class='ocrx_word' id='word_1_149' title='bbox 982 2529 1069 2598; x_wconf 89' lang='lat' dir='ltr'><strong>Petri</strong></span> <span class='ocrx_word' id='word_1_150' title='bbox 1079 2531 1137 2619; x_wconf 91' lang='lat' dir='ltr'><strong>tilij</strong></span> <span class='ocrx_word' id='word_1_151' title='bbox 1158 2528 1261 2616; x_wconf 77' lang='lat' dir='ltr'><strong>Blesij</strong></span> <span class='ocrx_word' id='word_1_152' title='bbox 1282 2527 1419 2598; x_wconf 88' lang='lat' dir='ltr'><strong>similiter</strong></span> <span class='ocrx_word' id='word_1_153' title='bbox 1437 2524 1469 2590; x_wconf 90' lang='lat' dir='ltr'><strong>de</strong></span> 
     </span>
     <span class='ocr_line' id='line_1_21' title="bbox 365 2630 1469 2724; baseline -0.004 -25"><span class='ocrx_word' id='word_1_154' title='bbox 365 2631 497 2717; x_wconf 84' lang='lat' dir='ltr'><strong>Welilry</strong></span> <span class='ocrx_word' id='word_1_155' title='bbox 507 2632 638 2720; x_wconf 78' lang='lat' dir='ltr'><strong>hichinc,</strong></span> <span class='ocrx_word' id='word_1_156' title='bbox 659 2635 828 2705; x_wconf 90' lang='lat' dir='ltr'><strong>blichaelis</strong></span> <span class='ocrx_word' id='word_1_157' title='bbox 848 2637 922 2723; x_wconf 84' lang='lat' dir='ltr'><strong>fitijs</strong></span> <span class='ocrx_word' id='word_1_158' title='bbox 939 2638 1024 2704; x_wconf 86' lang='lat' dir='ltr'><strong>Petri</strong></span> <span class='ocrx_word' id='word_1_159' title='bbox 1051 2638 1092 2706; x_wconf 86' lang='lat' dir='ltr'><strong>de</strong></span> <span class='ocrx_word' id='word_1_160' title='bbox 1108 2637 1315 2724; x_wconf 89' lang='lat' dir='ltr'><strong>Pribinonch,</strong></span> <span class='ocrx_word' id='word_1_161' title='bbox 1332 2630 1469 2704; x_wconf 86' lang='lat' dir='ltr'><strong>Dominici</strong></span> 
     </span>
     <span class='ocr_line' id='line_1_22' title="bbox 296 2739 1469 2838; baseline -0.002 -30"><span class='ocrx_word' id='word_1_162' title='bbox 296 2829 300 2838; x_wconf 25' lang='lat'><strong><em>¹</em></strong></span> <span class='ocrx_word' id='word_1_163' title='bbox 366 2741 422 2826; x_wconf 87' lang='lat' dir='ltr'><strong>filij</strong></span> <span class='ocrx_word' id='word_1_164' title='bbox 435 2740 930 2832; x_wconf 82' lang='lat' dir='ltr'><strong>JacobideRntbhpetherfelde,</strong></span> <span class='ocrx_word' id='word_1_165' title='bbox 950 2739 1469 2833; x_wconf 84' lang='lat' dir='ltr'><strong>LadisleililijDominicideSuul·</strong></span> 
     </span>
    </p>

    <p class='ocr_par' dir='ltr' id='par_1_5' title="bbox 365 2843 1469 3268">
     <span class='ocr_line' id='line_1_23' title="bbox 365 2843 1468 2940; baseline -0.005 -21"><span class='ocrx_word' id='word_1_166' title='bbox 365 2850 462 2936; x_wconf 80' lang='lat' dir='ltr'><strong>felde,</strong></span> <span class='ocrx_word' id='word_1_167' title='bbox 471 2849 617 2938; x_wconf 79' lang='lat' dir='ltr'><strong>Gregorij</strong></span> <span class='ocrx_word' id='word_1_168' title='bbox 628 2852 687 2937; x_wconf 89' lang='lat' dir='ltr'><strong>filij</strong></span> <span class='ocrx_word' id='word_1_169' title='bbox 698 2852 836 2920; x_wconf 75' lang='lat' dir='ltr'><strong>Fabiani</strong></span> <span class='ocrx_word' id='word_1_170' title='bbox 846 2854 888 2921; x_wconf 93' lang='lat' dir='ltr'><strong>de</strong></span> <span class='ocrx_word' id='word_1_171' title='bbox 898 2852 1272 2940; x_wconf 86' lang='lat' dir='ltr'><strong>aliankeuolch‚Petri</strong></span> <span class='ocrx_word' id='word_1_172' title='bbox 1282 2862 1315 2920; x_wconf 91' lang='lat' dir='ltr'><strong>et</strong></span> <span class='ocrx_word' id='word_1_173' title='bbox 1325 2843 1468 2920; x_wconf 87' lang='lat' dir='ltr'><strong>Benedicti</strong></span> 
     </span>
     <span class='ocr_line' id='line_1_24' title="bbox 365 2951 1469 3048; baseline -0.006 -24"><span class='ocrx_word' id='word_1_174' title='bbox 365 2957 504 3028; x_wconf 87' lang='lat' dir='ltr'><strong>filiorum</strong></span> <span class='ocrx_word' id='word_1_175' title='bbox 519 2961 668 3046; x_wconf 78' lang='lat' dir='ltr'><strong>Dyonisij</strong></span> <span class='ocrx_word' id='word_1_176' title='bbox 685 2958 727 3027; x_wconf 92' lang='lat' dir='ltr'><strong>de</strong></span> <span class='ocrx_word' id='word_1_177' title='bbox 742 2960 947 3048; x_wconf 78' lang='lat' dir='ltr'><strong>(ihernlroeh,</strong></span> <span class='ocrx_word' id='word_1_178' title='bbox 977 2961 1138 3030; x_wconf 90' lang='lat' dir='ltr'><strong>Dominici</strong></span> <span class='ocrx_word' id='word_1_179' title='bbox 1170 2961 1227 3047; x_wconf 89' lang='lat' dir='ltr'><strong>lilij</strong></span> <span class='ocrx_word' id='word_1_180' title='bbox 1260 2955 1423 3040; x_wconf 82' lang='lat' dir='ltr'><strong>Laurenoij</strong></span> <span class='ocrx_word' id='word_1_181' title='bbox 1437 2951 1469 3018; x_wconf 91' lang='lat' dir='ltr'><strong>dc</strong></span> 
     </span>
     <span class='ocr_line' id='line_1_25' title="bbox 367 3063 1469 3156; baseline -0.01 -20"><span class='ocrx_word' id='word_1_182' title='bbox 367 3066 556 3156; x_wconf 87' lang='lat' dir='ltr'><strong>Keresthur,</strong></span> <span class='ocrx_word' id='word_1_183' title='bbox 573 3088 633 3137; x_wconf 90' lang='lat' dir='ltr'><strong>nec</strong></span> <span class='ocrx_word' id='word_1_184' title='bbox 648 3089 712 3135; x_wconf 90' lang='lat' dir='ltr'><strong>uon</strong></span> <span class='ocrx_word' id='word_1_185' title='bbox 729 3069 856 3138; x_wconf 85' lang='lat' dir='ltr'><strong>Nicolai</strong></span> <span class='ocrx_word' id='word_1_186' title='bbox 874 3070 931 3156; x_wconf 86' lang='lat' dir='ltr'><strong>filij</strong></span> <span class='ocrx_word' id='word_1_187' title='bbox 949 3069 1094 3138; x_wconf 86' lang='lat' dir='ltr'><strong>Ladislai</strong></span> <span class='ocrx_word' id='word_1_188' title='bbox 1109 3069 1152 3136; x_wconf 89' lang='lat' dir='ltr'><strong>dc</strong></span> <span class='ocrx_word' id='word_1_189' title='bbox 1166 3067 1343 3156; x_wconf 75' lang='lat' dir='ltr'><strong>Kleiynoh</strong></span> <span class='ocrx_word' id='word_1_190' title='bbox 1359 3063 1469 3132; x_wconf 81' lang='lat' dir='ltr'><strong>sliono-</strong></span> 
     </span>
     <span class='ocr_line' id='line_1_26' title="bbox 367 3166 1468 3268; baseline -0.008 -25"><span class='ocrx_word' id='word_1_191' title='bbox 367 3175 456 3243; x_wconf 89' lang='lat' dir='ltr'><strong>mine</strong></span> <span class='ocrx_word' id='word_1_192' title='bbox 470 3175 658 3264; x_wconf 84' lang='lat' dir='ltr'><strong>Lehalelde,</strong></span> <span class='ocrx_word' id='word_1_193' title='bbox 675 3177 797 3268; x_wconf 88' lang='lat' dir='ltr'><strong>Mathei</strong></span> <span class='ocrx_word' id='word_1_194' title='bbox 813 3177 869 3261; x_wconf 87' lang='lat' dir='ltr'><strong>filij</strong></span> <span class='ocrx_word' id='word_1_195' title='bbox 901 3176 1032 3246; x_wconf 81' lang='lat' dir='ltr'><strong>Martini</strong></span> <span class='ocrx_word' id='word_1_196' title='bbox 1050 3177 1091 3244; x_wconf 93' lang='lat' dir='ltr'><strong>de</strong></span> <span class='ocrx_word' id='word_1_197' title='bbox 1121 3176 1237 3266; x_wconf 90' lang='lat' dir='ltr'><strong>Lippa,</strong></span> <span class='ocrx_word' id='word_1_198' title='bbox 1270 3170 1411 3264; x_wconf 82' lang='lat' dir='ltr'><strong>Dyonisij</strong></span> <span class='ocrx_word' id='word_1_199' title='bbox 1424 3166 1468 3250; x_wconf 82' lang='lat' dir='ltr'><strong>filij</strong></span> 
     </span>
    </p>
   </div>
   <div class='ocr_carea' id='block_1_5' title="bbox 363 3273 1539 3802">
    <p class='ocr_par' dir='ltr' id='par_1_6' title="bbox 363 3273 1539 3802">
     <span class='ocr_line' id='line_1_27' title="bbox 365 3273 1539 3376; baseline -0.003 -27"><span class='ocrx_word' id='word_1_200' title='bbox 365 3282 469 3368; x_wconf 89' lang='lat' dir='ltr'><strong>Blasij</strong></span> <span class='ocrx_word' id='word_1_201' title='bbox 502 3284 650 3352; x_wconf 86' lang='lat' dir='ltr'><strong>similiter</strong></span> <span class='ocrx_word' id='word_1_202' title='bbox 680 3285 720 3353; x_wconf 90' lang='lat' dir='ltr'><strong>de</strong></span> <span class='ocrx_word' id='word_1_203' title='bbox 752 3285 878 3352; x_wconf 87' lang='lat' dir='ltr'><strong>Welihe</strong></span> <span class='ocrx_word' id='word_1_204' title='bbox 909 3285 1039 3373; x_wconf 84' lang='lat' dir='ltr'><strong>Melilre,</strong></span> <span class='ocrx_word' id='word_1_205' title='bbox 1071 3285 1213 3373; x_wconf 83' lang='lat' dir='ltr'><strong>Myhech</strong></span> <span class='ocrx_word' id='word_1_206' title='bbox 1248 3285 1305 3376; x_wconf 84' lang='lat' dir='ltr'><strong>filij</strong></span> <span class='ocrx_word' id='word_1_207' title='bbox 1332 3273 1467 3366; x_wconf 80' lang='lat' dir='ltr'><strong>Stephani</strong></span> <span class='ocrx_word' id='word_1_208' title='bbox 1537 3275 1539 3364; x_wconf 76' lang='lat' dir='ltr'>j</span> 
     </span>
     <span class='ocr_line' id='line_1_28' title="bbox 366 3381 1539 3481; baseline -0.01 -24"><span class='ocrx_word' id='word_1_209' title='bbox 366 3411 466 3476; x_wconf 91' lang='lat' dir='ltr'><strong>penes</strong></span> <span class='ocrx_word' id='word_1_210' title='bbox 482 3389 613 3458; x_wconf 89' lang='lat' dir='ltr'><strong>fluuium</strong></span> <span class='ocrx_word' id='word_1_211' title='bbox 630 3391 793 3481; x_wconf 85' lang='lat' dir='ltr'><strong>Maroeha,</strong></span> <span class='ocrx_word' id='word_1_212' title='bbox 811 3393 899 3460; x_wconf 90' lang='lat' dir='ltr'><strong>Petri</strong></span> <span class='ocrx_word' id='word_1_213' title='bbox 916 3392 974 3478; x_wconf 87' lang='lat' dir='ltr'><strong>filij</strong></span> <span class='ocrx_word' id='word_1_214' title='bbox 995 3392 1143 3478; x_wconf 86' lang='lat' dir='ltr'><strong>Vlchyah</strong></span> <span class='ocrx_word' id='word_1_215' title='bbox 1160 3390 1202 3460; x_wconf 90' lang='lat' dir='ltr'><strong>de</strong></span> <span class='ocrx_word' id='word_1_216' title='bbox 1233 3389 1347 3477; x_wconf 80' lang='lat' dir='ltr'><strong>Capite</strong></span> <span class='ocrx_word' id='word_1_217' title='bbox 1375 3381 1470 3452; x_wconf 82' lang='lat' dir='ltr'><strong>Velilre</strong></span> <span class='ocrx_word' id='word_1_218' title='bbox 1537 3403 1539 3478; x_wconf 30' lang='grc' dir='ltr'><em>ὲ</em></span> 
     </span>
     <span class='ocr_line' id='line_1_29' title="bbox 366 3487 1539 3587; baseline -0.006 -23"><span class='ocrx_word' id='word_1_219' title='bbox 366 3497 426 3582; x_wconf 85' lang='lat' dir='ltr'><strong>filij</strong></span> <span class='ocrx_word' id='word_1_220' title='bbox 458 3497 595 3584; x_wconf 85' lang='lat' dir='ltr'><strong>predicti</strong></span> <span class='ocrx_word' id='word_1_221' title='bbox 626 3499 759 3587; x_wconf 81' lang='lat' dir='ltr'><strong>Georgij</strong></span> <span class='ocrx_word' id='word_1_222' title='bbox 790 3499 849 3585; x_wconf 89' lang='lat' dir='ltr'><strong>filij</strong></span> <span class='ocrx_word' id='word_1_223' title='bbox 875 3501 967 3567; x_wconf 86' lang='lat' dir='ltr'><strong>Iwan</strong></span> <span class='ocrx_word' id='word_1_224' title='bbox 984 3499 1025 3566; x_wconf 92' lang='lat' dir='ltr'><strong>de</strong></span> <span class='ocrx_word' id='word_1_225' title='bbox 1045 3498 1254 3584; x_wconf 89' lang='lat' dir='ltr'><strong>Wechholoh,</strong></span> <span class='ocrx_word' id='word_1_226' title='bbox 1269 3487 1468 3570; x_wconf 85' lang='lat' dir='ltr'><strong>Ladislaiilij</strong></span> <span class='ocrx_word' id='word_1_227' title='bbox 1537 3491 1539 3570; x_wconf 61' lang='lat' dir='ltr'>P</span> 
     </span>
     <span class='ocr_line' id='line_1_30' title="bbox 363 3605 1539 3695; baseline 0.005 -22"><span class='ocrx_word' id='word_1_228' title='bbox 363 3605 533 3673; x_wconf 86' lang='lat' dir='ltr'><strong>Michaelis</strong></span> <span class='ocrx_word' id='word_1_229' title='bbox 548 3606 590 3675; x_wconf 91' lang='lat' dir='ltr'><strong>de</strong></span> <span class='ocrx_word' id='word_1_230' title='bbox 605 3607 841 3695; x_wconf 80' lang='lat' dir='ltr'><strong>Fodorostyna,</strong></span> <span class='ocrx_word' id='word_1_231' title='bbox 872 3608 972 3695; x_wconf 84' lang='lat' dir='ltr'><strong>ltlylre</strong></span> <span class='ocrx_word' id='word_1_232' title='bbox 988 3607 1045 3693; x_wconf 86' lang='lat' dir='ltr'><strong>filij</strong></span> <span class='ocrx_word' id='word_1_233' title='bbox 1065 3605 1180 3674; x_wconf 82' lang='lat' dir='ltr'><strong>Punelr</strong></span> <span class='ocrx_word' id='word_1_234' title='bbox 1212 3607 1253 3673; x_wconf 93' lang='lat' dir='ltr'><strong>de</strong></span> <span class='ocrx_word' id='word_1_235' title='bbox 1286 3607 1466 3692; x_wconf 80' lang='lat' dir='ltr'><strong>Myrostyns</strong></span> <span class='ocrx_word' id='word_1_236' title='bbox 1538 3657 1539 3694; x_wconf 46' lang='lat'>3</span> 
     </span>
     <span class='ocr_line' id='line_1_31' title="bbox 366 3701 1539 3802; baseline -0.007 -22"><span class='ocrx_word' id='word_1_237' title='bbox 366 3711 488 3780; x_wconf 84' lang='lat' dir='ltr'><strong>blathie</strong></span> <span class='ocrx_word' id='word_1_238' title='bbox 516 3713 575 3802; x_wconf 83' lang='lat' dir='ltr'><strong>filij</strong></span> <span class='ocrx_word' id='word_1_239' title='bbox 616 3715 765 3802; x_wconf 84' lang='lat' dir='ltr'><strong>Gregorij</strong></span> <span class='ocrx_word' id='word_1_240' title='bbox 797 3717 839 3784; x_wconf 93' lang='lat' dir='ltr'><strong>de</strong></span> <span class='ocrx_word' id='word_1_241' title='bbox 868 3715 1182 3802; x_wconf 77' lang='lat' dir='ltr'><strong>Demochynchyna,</strong></span> <span class='ocrx_word' id='word_1_242' title='bbox 1231 3709 1396 3781; x_wconf 87' lang='lat' dir='ltr'><strong>Benedicti</strong></span> <span class='ocrx_word' id='word_1_243' title='bbox 1422 3701 1467 3785; x_wconf 82' lang='lat' dir='ltr'><strong>hlij</strong></span> <span class='ocrx_word' id='word_1_244' title='bbox 1535 3741 1539 3800; x_wconf 60' lang='grc' dir='ltr'>ς</span> 
     </span>
    </p>
   </div>
   <div class='ocr_carea' id='block_1_6' title="bbox 367 3817 1539 3908">
    <p class='ocr_par' dir='ltr' id='par_1_7' title="bbox 367 3817 1539 3908">
     <span class='ocr_line' id='line_1_32' title="bbox 367 3817 1539 3908; baseline -0.011 -15"><span class='ocrx_word' id='word_1_245' title='bbox 367 3823 524 3893; x_wconf 88' lang='lat' dir='ltr'><strong>Johannis</strong></span> <span class='ocrx_word' id='word_1_246' title='bbox 540 3824 581 3890; x_wconf 92' lang='lat' dir='ltr'><strong>de</strong></span> <span class='ocrx_word' id='word_1_247' title='bbox 596 3825 824 3908; x_wconf 83' lang='lat' dir='ltr'><strong>Hranizlanch,</strong></span> <span class='ocrx_word' id='word_1_248' title='bbox 850 3823 1018 3892; x_wconf 89' lang='lat' dir='ltr'><strong>Benedicti</strong></span> <span class='ocrx_word' id='word_1_249' title='bbox 1047 3823 1104 3908; x_wconf 89' lang='lat' dir='ltr'><strong>filij</strong></span> <span class='ocrx_word' id='word_1_250' title='bbox 1136 3821 1342 3907; x_wconf 84' lang='lat' dir='ltr'><strong>Draginade</strong></span> <span class='ocrx_word' id='word_1_251' title='bbox 1368 3817 1471 3896; x_wconf 74' lang='lat' dir='ltr'><strong>Drage·</strong></span> <span class='ocrx_word' id='word_1_252' title='bbox 1537 3845 1539 3850; x_wconf 88' lang='grc'><em>·</em></span> 
     </span>
    </p>
   </div>
   <div class='ocr_carea' id='block_1_7' title="bbox 367 3917 1469 4021">
    <p class='ocr_par' dir='ltr' id='par_1_8' title="bbox 367 3917 1469 4021">
     <span class='ocr_line' id='line_1_33' title="bbox 367 3917 1469 4021; baseline -0.015 -21"><span class='ocrx_word' id='word_1_253' title='bbox 367 3932 507 4021; x_wconf 81' lang='lat' dir='ltr'><strong>verolch,</strong></span> <span class='ocrx_word' id='word_1_254' title='bbox 538 3932 676 4000; x_wconf 83' lang='lat' dir='ltr'><strong>Fabiani</strong></span> <span class='ocrx_word' id='word_1_255' title='bbox 708 3932 765 4018; x_wconf 90' lang='lat' dir='ltr'><strong>filij</strong></span> <span class='ocrx_word' id='word_1_256' title='bbox 793 3931 927 4018; x_wconf 79' lang='lat' dir='ltr'><strong>Georgij</strong></span> <span class='ocrx_word' id='word_1_257' title='bbox 960 3932 1001 4000; x_wconf 91' lang='lat' dir='ltr'><strong>de</strong></span> <span class='ocrx_word' id='word_1_258' title='bbox 1016 3933 1165 4020; x_wconf 81' lang='lat' dir='ltr'><strong>Moysua,</strong></span> <span class='ocrx_word' id='word_1_259' title='bbox 1196 3939 1230 3999; x_wconf 90' lang='lat' dir='ltr'><strong>et</strong></span> <span class='ocrx_word' id='word_1_260' title='bbox 1244 3924 1406 4010; x_wconf 88' lang='lat' dir='ltr'><strong>Laureneij</strong></span> <span class='ocrx_word' id='word_1_261' title='bbox 1423 3917 1469 4002; x_wconf 88' lang='lat' dir='ltr'><strong>filij</strong></span> 
     </span>
    </p>
   </div>
   <div class='ocr_carea' id='block_1_8' title="bbox 367 4021 1539 4348">
    <p class='ocr_par' dir='ltr' id='par_1_9' title="bbox 367 4021 1539 4348">
     <span class='ocr_line' id='line_1_34' title="bbox 367 4021 1539 4149; baseline -0.011 -42"><span class='ocrx_word' id='word_1_262' title='bbox 367 4040 456 4108; x_wconf 90' lang='lat' dir='ltr'><strong>Petri</strong></span> <span class='ocrx_word' id='word_1_263' title='bbox 473 4040 514 4109; x_wconf 91' lang='lat' dir='ltr'><strong>de</strong></span> <span class='ocrx_word' id='word_1_264' title='bbox 528 4038 796 4129; x_wconf 86' lang='lat' dir='ltr'><strong>Radozluustynu</strong></span> <span class='ocrx_word' id='word_1_265' title='bbox 812 4039 1059 4124; x_wconf 89' lang='lat' dir='ltr'><strong>nominatorum,</strong></span> <span class='ocrx_word' id='word_1_266' title='bbox 1076 4039 1109 4104; x_wconf 92' lang='lat' dir='ltr'><strong>in</strong></span> <span class='ocrx_word' id='word_1_267' title='bbox 1129 4039 1250 4106; x_wconf 88' lang='lat' dir='ltr'><strong>tenutis</strong></span> <span class='ocrx_word' id='word_1_268' title='bbox 1266 4045 1300 4105; x_wconf 90' lang='lat' dir='ltr'><strong>et</strong></span> <span class='ocrx_word' id='word_1_269' title='bbox 1329 4033 1470 4149; x_wconf 77' lang='lat' dir='ltr'><strong>pertinen·</strong></span> <span class='ocrx_word' id='word_1_270' title='bbox 1537 4021 1539 4112; x_wconf 87' lang='lat' dir='ltr'>j</span> 
     </span>
     <span class='ocr_line' id='line_1_35' title="bbox 369 4146 1539 4244; baseline -0.012 -28"><span class='ocrx_word' id='word_1_271' title='bbox 369 4146 429 4234; x_wconf 92' lang='lat' dir='ltr'><strong>eijs</strong></span> <span class='ocrx_word' id='word_1_272' title='bbox 446 4148 597 4235; x_wconf 89' lang='lat' dir='ltr'><strong>prelibati</strong></span> <span class='ocrx_word' id='word_1_273' title='bbox 612 4147 718 4218; x_wconf 81' lang='lat' dir='ltr'><strong>Castri</strong></span> <span class='ocrx_word' id='word_1_274' title='bbox 733 4148 864 4236; x_wconf 82' lang='lat' dir='ltr'><strong>Reychc</strong></span> <span class='ocrx_word' id='word_1_275' title='bbox 880 4147 1075 4228; x_wconf 90' lang='lat' dir='ltr'><strong>habitorum,</strong></span> <span class='ocrx_word' id='word_1_276' title='bbox 1090 4146 1207 4214; x_wconf 84' lang='lat' dir='ltr'><strong>uicinis</strong></span> <span class='ocrx_word' id='word_1_277' title='bbox 1219 4154 1251 4215; x_wconf 90' lang='lat' dir='ltr'><strong>et</strong></span> <span class='ocrx_word' id='word_1_278' title='bbox 1261 4147 1469 4212; x_wconf 85' lang='lat' dir='ltr'><strong>commetaneu</strong></span> <span class='ocrx_word' id='word_1_279' title='bbox 1537 4161 1539 4244; x_wconf 69' lang='lat'><em>}</em></span> 
     </span>
     <span class='ocr_line' id='line_1_36' title="bbox 369 4246 1539 4348; baseline -0.003 -23"><span class='ocrx_word' id='word_1_280' title='bbox 369 4255 552 4326; x_wconf 84' lang='lat' dir='ltr'><strong>eorumdem</strong></span> <span class='ocrx_word' id='word_1_281' title='bbox 570 4258 730 4326; x_wconf 85' lang='lat' dir='ltr'><strong>uniuersis</strong></span> <span class='ocrx_word' id='word_1_282' title='bbox 745 4257 826 4324; x_wconf 93' lang='lat' dir='ltr'><strong>inihi</strong></span> <span class='ocrx_word' id='word_1_283' title='bbox 843 4255 987 4341; x_wconf 81' lang='lat' dir='ltr'><strong>legitime</strong></span> <span class='ocrx_word' id='word_1_284' title='bbox 1011 4255 1197 4322; x_wconf 87' lang='lat' dir='ltr'><strong>conuocatis</strong></span> <span class='ocrx_word' id='word_1_285' title='bbox 1215 4261 1248 4321; x_wconf 93' lang='lat' dir='ltr'><strong>et</strong></span> <span class='ocrx_word' id='word_1_286' title='bbox 1281 4246 1469 4340; x_wconf 73' lang='lat' dir='ltr'><strong>presentium.</strong></span> <span class='ocrx_word' id='word_1_287' title='bbox 1538 4343 1539 4348; x_wconf 5' lang='grc' dir='ltr'>ἵ</span> 
     </span>
    </p>
   </div>
   <div class='ocr_carea' id='block_1_9' title="bbox 369 4356 1470 4451">
    <p class='ocr_par' dir='ltr' id='par_1_10' title="bbox 369 4356 1470 4451">
     <span class='ocr_line' id='line_1_37' title="bbox 369 4356 1470 4451; baseline -0.012 -16"><span class='ocrx_word' id='word_1_288' title='bbox 369 4365 564 4451; x_wconf 83' lang='lat' dir='ltr'><strong>accedendo,</strong></span> <span class='ocrx_word' id='word_1_289' title='bbox 595 4371 771 4434; x_wconf 86' lang='lat' dir='ltr'><strong>memorata</strong></span> <span class='ocrx_word' id='word_1_290' title='bbox 802 4364 928 4451; x_wconf 85' lang='lat' dir='ltr'><strong>predia,</strong></span> <span class='ocrx_word' id='word_1_291' title='bbox 958 4384 1018 4432; x_wconf 90' lang='lat' dir='ltr'><strong>seu</strong></span> <span class='ocrx_word' id='word_1_292' title='bbox 1035 4361 1310 4450; x_wconf 86' lang='lat' dir='ltr'><strong>possessionarias</strong></span> <span class='ocrx_word' id='word_1_293' title='bbox 1325 4356 1470 4446; x_wconf 81' lang='lat' dir='ltr'><strong>porcione</strong></span> 
     </span>
    </p>
   </div>
   <div class='ocr_carea' id='block_1_10' title="bbox 369 4449 1539 4562">
    <p class='ocr_par' dir='ltr' id='par_1_11' title="bbox 369 4449 1539 4562">
     <span class='ocr_line' id='line_1_38' title="bbox 369 4449 1539 4562; baseline -0.014 -17"><span class='ocrx_word' id='word_1_294' title='bbox 369 4497 442 4545; x_wconf 87' lang='lat' dir='ltr'><strong>curn</strong></span> <span class='ocrx_word' id='word_1_295' title='bbox 459 4475 635 4544; x_wconf 86' lang='lat' dir='ltr'><strong>earundem</strong></span> <span class='ocrx_word' id='word_1_296' title='bbox 650 4475 845 4543; x_wconf 82' lang='lat' dir='ltr'><strong>utilitatibus</strong></span> <span class='ocrx_word' id='word_1_297' title='bbox 862 4479 894 4539; x_wconf 90' lang='lat' dir='ltr'><strong>et</strong></span> <span class='ocrx_word' id='word_1_298' title='bbox 910 4471 1117 4562; x_wconf 88' lang='lat' dir='ltr'><strong>pertinencijs</strong></span> <span class='ocrx_word' id='word_1_299' title='bbox 1134 4470 1292 4542; x_wconf 84' lang='lat' dir='ltr'><strong>uniuersis</strong></span> <span class='ocrx_word' id='word_1_300' title='bbox 1315 4467 1465 4536; x_wconf 71' lang='lat' dir='ltr'><strong>concute!</strong></span> <span class='ocrx_word' id='word_1_301' title='bbox 1537 4449 1539 4496; x_wconf 62' lang='grc'><em>9</em></span> 
     </span>
    </p>
   </div>
   <div class='ocr_carea' id='block_1_11' title="bbox 369 4563 1469 4672">
    <p class='ocr_par' dir='ltr' id='par_1_12' title="bbox 369 4563 1469 4672">
     <span class='ocr_line' id='line_1_39' title="bbox 369 4563 1469 4672; baseline -0.013 -23"><span class='ocrx_word' id='word_1_302' title='bbox 369 4582 536 4672; x_wconf 84' lang='lat' dir='ltr'><strong>prediules</strong></span> <span class='ocrx_word' id='word_1_303' title='bbox 559 4582 749 4667; x_wconf 86' lang='lat' dir='ltr'><strong>abantiquo</strong></span> <span class='ocrx_word' id='word_1_304' title='bbox 767 4580 1001 4668; x_wconf 86' lang='lat' dir='ltr'><strong>contingentes,</strong></span> <span class='ocrx_word' id='word_1_305' title='bbox 1028 4579 1149 4650; x_wconf 84' lang='lat' dir='ltr'><strong>eisdem</strong></span> <span class='ocrx_word' id='word_1_306' title='bbox 1166 4587 1199 4648; x_wconf 88' lang='lat' dir='ltr'><strong>et</strong></span> <span class='ocrx_word' id='word_1_307' title='bbox 1213 4580 1351 4666; x_wconf 89' lang='lat' dir='ltr'><strong>ipsorum</strong></span> <span class='ocrx_word' id='word_1_308' title='bbox 1367 4563 1469 4639; x_wconf 84' lang='lat' dir='ltr'><strong>heredi·</strong></span> 
     </span>
    </p>
   </div>
   <div class='ocr_carea' id='block_1_12' title="bbox 371 4665 1539 4778">
    <p class='ocr_par' dir='ltr' id='par_1_13' title="bbox 371 4665 1539 4778">
     <span class='ocr_line' id='line_1_40' title="bbox 371 4665 1539 4778; baseline -0.021 -14"><span class='ocrx_word' id='word_1_309' title='bbox 371 4696 431 4764; x_wconf 90' lang='lat' dir='ltr'><strong>bus</strong></span> <span class='ocrx_word' id='word_1_310' title='bbox 448 4692 508 4762; x_wconf 85' lang='lat' dir='ltr'><strong>snb</strong></span> <span class='ocrx_word' id='word_1_311' title='bbox 521 4690 764 4760; x_wconf 86' lang='lat' dir='ltr'><strong>condicionibus</strong></span> <span class='ocrx_word' id='word_1_312' title='bbox 781 4696 813 4758; x_wconf 89' lang='lat' dir='ltr'><strong>et</strong></span> <span class='ocrx_word' id='word_1_313' title='bbox 829 4689 1034 4762; x_wconf 82' lang='lat' dir='ltr'><strong>libertatibus</strong></span> <span class='ocrx_word' id='word_1_314' title='bbox 1065 4688 1247 4778; x_wconf 84' lang='lat' dir='ltr'><strong>premissis,</strong></span> <span class='ocrx_word' id='word_1_315' title='bbox 1276 4685 1392 4776; x_wconf 88' lang='lat' dir='ltr'><strong>prelato</strong></span> <span class='ocrx_word' id='word_1_316' title='bbox 1417 4675 1467 4743; x_wconf 81' lang='lat' dir='ltr'><strong>llu-</strong></span> <span class='ocrx_word' id='word_1_317' title='bbox 1537 4665 1539 4708; x_wconf 71' lang='lat'><em>³</em></span> 
     </span>
    </p>
   </div>
   <div class='ocr_carea' id='block_1_13' title="bbox 1536 4871 1539 4926">
    <p class='ocr_par' dir='ltr' id='par_1_14' title="bbox 1536 4871 1539 4926">
     <span class='ocr_line' id='line_1_41' title="bbox 1536 4871 1539 4926; baseline 0 0"><span class='ocrx_word' id='word_1_318' title='bbox 1536 4871 1539 4926; x_wconf 88' lang='lat' dir='ltr'><strong>i</strong></span> 
     </span>
    </p>
   </div>
   <div class='ocr_carea' id='block_1_14' title="bbox 0 0 1561 5202">
    <p class='ocr_par' dir='ltr' id='par_1_15' title="bbox 0 0 1561 5202">
     <span class='ocr_line' id='line_1_42' title="bbox 0 0 1561 5202; baseline 0 0"><span class='ocrx_word' id='word_1_319' title='bbox 0 0 1561 5202; x_wconf 95' lang='lat' dir='ltr'><strong> </strong></span> 
     </span>
    </p>
   </div>
   <div class='ocr_carea' id='block_1_15' title="bbox 1535 4929 1539 5012">
    <p class='ocr_par' dir='ltr' id='par_1_16' title="bbox 1535 4929 1539 5012">
     <span class='ocr_line' id='line_1_43' title="bbox 1535 4929 1539 5012; baseline 0 0"><span class='ocrx_word' id='word_1_320' title='bbox 1535 4929 1539 5012; x_wconf 90' lang='lat' dir='ltr'><strong>i</strong></span> 
     </span>
    </p>
   </div>
  </div>
 </body>
</html>
