3162 5200
854 1067 926 1137 lts.

327 1263 359 1326 A
376 1267 534 1330 osoezmor’
548 1265 1064 1354 lrdptolorraolrbizooysa'qleaelr,
1095 1273 1176 1355 lroyo
1196 1271 1313 1336 llolrizs
1344 1269 1452 1336 Gardt·-
1562 1239 1564 1346 i

1559 1039 1564 1156 l

1559 1181 1564 1224 i

1561 1399 1564 1484 1

1559 1513 1564 1684 l

371 1371 494 1454 aelafio
512 1371 668 1458 Polyolror'
684 1373 823 1438 dirtolrcit
839 1373 946 1440 eladio
963 1376 1033 1462 Por,
1051 1377 1162 1480 Sedent
1170 1378 1299 1459 fidrrolr.
1317 1381 1410 1446 1277.

435 1567 595 1634 (Thalamos,
615 1570 740 1622 Monam.
759 1571 824 1622 hist.
844 1573 937 1636 Epire.
957 1574 1077 1640 Zagreb.
1097 1575 1119 1624 Ι.
1139 1577 1198 1626 knt.
1220 1581 1279 1626 185.
1299 1577 1329 1640 l.)

757 1857 1023 1868 .--.-.---....

327 2589 377 2656 Aa
409 2593 478 2676 eorl
508 2589 731 2679 ldplolanrrrrlt
761 2590 1027 2678 bizorrysa'qlevele
1059 2593 1190 2679 Kopion
1222 2594 1457 2682 rrrrrzeelsdybeli'

583 2701 744 2765 De'arorrelc
761 2701 1080 2787 odylatdzlredeee'rdl.
1106 2704 1201 2770 1277.

436 2893 593 2962 Omnibus
619 2894 739 2963 Christi
757 2895 904 2962 fidelibus
922 2903 986 2963 tam
1003 2897 1208 2982 presentibus
1225 2917 1322 2981 quam
1338 2897 1448 2966 lutaris

326 3023 461 3089 presens
481 3001 634 3088 seriptum
660 3003 853 3088 inspecturis
885 3005 1020 3072 salntem
1037 3005 1071 3070 in
1103 3005 1244 3070 omnium
1276 3007 1444 3074 saltatore.

327 3111 380 3181 nd
396 3111 617 3179 uniuersorum
649 3115 801 3180 noticiam
829 3117 938 3180 tenore
963 3113 1164 3196 presencium
1180 3114 1329 3182 volumus
1346 3133 1450 3200 perae·

326 3221 407 3300 nire,
432 3220 516 3306 quod
549 3219 650 3286 nobili
682 3219 811 3288 domina
842 3221 954 3288 relicta
985 3221 1070 3288 Dees
1103 3220 1235 3288 Comitis
1262 3221 1303 3288 de
1334 3241 1448 3306 genere

328 3331 476 3417 Coplyan
509 3335 613 3394 matre
643 3329 793 3416 Dyonisij
825 3329 920 3396 simul
952 3349 1023 3397 oum
1053 3330 1449 3414 nurnsuareliotaipsins

326 3436 482 3522 Dionisij,
499 3455 538 3502 ao
556 3455 626 3501 cam
644 3435 768 3504 duobus
785 3435 928 3521 parmulis
946 3437 1047 3522 Myka
1064 3443 1096 3505 et
1115 3438 1200 3503 Deos
1217 3435 1294 3521 filijs
1311 3435 1449 3504 eiusdem

326 3548 369 3610 ab
387 3563 453 3609 aaa
485 3551 598 3626 parte3
624 3543 755 3609 domina
784 3543 914 3630 Proxye
945 3544 1011 3610 filia
1036 3543 1199 3628 prenotati
1217 3543 1303 3610 Dees
1322 3540 1448 3610 Comitis

326 3671 436 3720 sorore
452 3649 528 3716 dieti
544 3652 695 3737 Dyonisij
713 3653 831 3718 reliota
845 3649 1025 3718 Alexandri
1042 3653 1100 3738 filij
1117 3651 1254 3719 Nioolao
1270 3651 1310 3717 de
1335 3669 1447 3738 genere
1558 3731 1560 3748 1

327 3757 485 3846 Myskouz
516 3779 574 3844 pro
591 3778 626 3824 se
643 3764 675 3826 et
691 3779 748 3843 pro
766 3758 935 3827 Elisabeth
960 3780 1068 3827 sorore
1085 3781 1146 3827 sna
1161 3779 1261 3826 uxore
1278 3754 1449 3826 Alexandri
1558 3817 1559 3820 ,

326 3865 386 3952 irlij
404 3864 565 3934 iohannis
583 3865 624 3932 de
639 3865 792 3953 Toronoy
808 3887 849 3932 ex
866 3867 969 3932 altera
985 3886 1093 3934 coram
1121 3865 1216 3932 nobis
1246 3865 1449 3951 personaliter
1557 3841 1559 3866 ¹

330 3973 522 4058 constitutis,
540 3993 598 4058 per
613 3973 758 4058 prelatas
771 3974 928 4060 dominas,
939 3971 1093 4040 videlieet
1109 3980 1245 4040 matrem
1263 3978 1295 4040 et
1310 3973 1449 4038 relictam
1557 3999 1559 4018 ⁴

327 4081 490 4169 prenotati
506 4077 645 4165 Dionisij
665 4079 865 4168 propositam
887 4082 994 4150 extitit
1009 4089 1041 4149 et
1066 4082 1205 4147 relatam
1224 4105 1232 4145 r
1250 4079 1336 4163 quod
1370 4077 1448 4143 idem

326 4191 504 4279 Dyonisirrs
538 4190 692 4257 laborans
724 4189 755 4255 in
775 4190 936 4274 extremis,
967 4189 1043 4256 lieet
1074 4208 1151 4274 eger
1183 4207 1325 4273 corpore,
1347 4187 1446 4250 mente
1555 4205 1558 4256 t

327 4295 632 4384 tameninrolumis,
650 4295 814 4382 quandam
844 4303 964 4363 terram
994 4315 1088 4364 suam
1119 4293 1348 4362 hereditariam
1378 4288 1449 4358 Saul

327 4416 477 4480 vocatam
509 4404 726 4474 incomitata
752 4404 792 4471 de
807 4403 960 4472 Zothmar
987 4405 1188 4491 existentem,
1207 4423 1280 4469 anm
1295 4397 1448 4468 valuersis
1555 4425 1557 4466 r

330 4515 526 4586 rtilitatibas
541 4512 622 4593 srris,
639 4511 697 4578 sub
715 4511 837 4581 eisdem
863 4512 956 4580 metis
986 4511 1168 4598 inquibus
1199 4509 1270 4594 ipse
1299 4503 1446 4593 possedit,
1555 4531 1557 4574 r

328 4625 492 4696 sororibus
509 4621 576 4690 sais
593 4620 779 4688 memoratis
795 4620 985 4689 contulisset
999 4625 1032 4686 et
1046 4619 1195 4702 legasset
1209 4616 1283 4703 jure
1298 4619 1455 4700 perpetuo

325 4730 562 4822 possidendam
579 4735 612 4796 et
637 4720 870 4814 habendam,a
899 4727 1027 4798 nemine
1057 4723 1213 4794 heredum
1242 4741 1371 4794 suoram
1393 4723 1469 4801 ant
1544 4755 1547 4760 ·
