3194 5196
335 1137 396 1206 ΙΙΙ.
420 1137 530 1205 Esurire
552 1136 730 1225 kirdlyaaie
754 1135 978 1223 sizspdltstcisi
1003 1156 1172 1226 paruam
1194 1159 1217 1201 a
1239 1138 1334 1203 octat
1348 1135 1461 1221 kdptn·

336 1245 457 1332 muoz,
487 1268 509 1312 u
535 1245 641 1312 Bardi
665 1247 698 1312 ts
727 1243 922 1330 Kesekpodes'
935 1244 1077 1312 aemesek
1091 1243 1169 1310 elles
1183 1242 1343 1310 eikisetett
1357 1243 1461 1309 haial-

558 1351 772 1418 massodesos
788 1351 984 1438 tdrpyeiban.
1009 1350 1240 1420 1290-1301.

440 1547 589 1616 Andreas
605 1545 666 1616 Dei
681 1546 793 1633 grania
807 1547 876 1618 Rex
901 1543 1043 1632 Vngarie
1057 1543 1208 1613 fidelibus
1222 1543 1290 1612 suis
1306 1543 1461 1630 capitulo

334 1656 485 1727 Vseiensi
514 1655 652 1724 salutem
684 1660 716 1722 et
741 1653 895 1739 grauiam.
927 1653 1044 1738 Erdev,
1061 1652 1188 1740 Petrus,
1217 1649 1277 1737 St,
1299 1651 1463 1738 Detrieus,

334 1762 479 1832 Briseius
509 1761 567 1848 fiiij
593 1761 739 1847 Itemeri;
763 1763 932 1828 Barnabas
963 1760 1050 1828 iilius
1080 1757 1248 1846 iohannis,
1278 1760 1465 1842 Pannauus,

333 1870 458 1939 nobiles
484 1869 525 1938 de
555 1867 644 1939 Basti
675 1875 708 1936 et
739 1866 936 1950 Kereirgode
966 1867 1058 1934 nobis
1088 1874 1164 1935 sunt
1194 1866 1336 1934 confessi
1351 1890 1362 1935 r
1378 1865 1466 1953 quod

334 1978 460 2060 Mache,
491 1975 614 2045 Paulus
643 1975 702 2062 filij
735 1975 872 2060 Thubie,
904 1973 1095 2042 Valentinus
1126 1994 1199 2042 eum
1213 1974 1370 2043 iratribus
1384 1975 1465 2063 ruis,

332 2082 450 2169 chuta,
480 2083 642 2152 Henriaus
673 2081 760 2151 iilius
794 2081 942 2170 Georgij,
973 2080 1173 2166 Pangraeius
1203 2100 1275 2148 suns
1306 2081 1465 2152 iratribus

332 2190 410 2276 suis,
425 2193 552 2276 Petrus,
567 2189 724 2257 Nieoiaus
739 2188 798 2274 fiiij
816 2189 978 2276 Symonis,
995 2188 1194 2262 Laureueius
1210 2184 1293 2257 filius
1310 2187 1416 2277 Laak,
1430 2195 1465 2257 et
1573 2276 1578 2289 Ι

332 2297 505 2366 Ladislans
522 2297 607 2370 iilius
625 2296 722 2386 Petri,
737 2315 834 2382 super
849 2293 963 2364 domos
981 2315 1091 2364 eorum
1107 2294 1283 2364 existentes
1300 2295 1337 2364 in
1359 2293 1464 2364 Επεὶ-

331 2404 417 2489 gode
446 2424 544 2472 manu
576 2402 741 2470 uenissent
772 2409 908 2490 armata,
940 2409 973 2470 et
987 2402 1137 2471 hemines
1153 2399 1402 2492 destruxissent,
1418 2404 1463 2474 ad
1573 2429 1578 2478 ;

330 2510 476 2579 valorem
491 2516 619 2578 eentum
635 2530 819 2578 marearum
835 2509 1010 2598 dampnum
1022 2509 1068 2578 eis
1078 2509 1274 2596 intulissent,
1285 2515 1319 2578 et
1328 2509 1463 2580 fratrem

330 2618 473 2704 ipsorum
504 2616 687 2688 iohannem
719 2618 849 2686 nomine
869 2617 1127 2705 interfecisseni3
1152 2618 1230 2690 item
1245 2617 1334 2703 quod
1348 2619 1465 2688 Petrus

329 2743 466 2814 mugnus
495 2724 684 2792 Panaenum
714 2724 895 2811 predictum
926 2723 1114 2794 insidiando
1131 2725 1166 2792 iu
1195 2725 1250 2793 ria
1280 2727 1463 2795 mortaliter
1584 2792 1590 2803 ,

329 2831 534 2900 uulnerasset
549 2831 640 2901 elsrn
665 2833 738 2900 luce
754 2832 787 2898 in
804 2831 872 2899 foro
888 2832 1025 2920 Pastuk,
1043 2853 1117 2901 eum
1133 2851 1170 2900 se
1184 2831 1272 2900 idem
1286 2833 1464 2909 Paananus

325 2939 405 3026 suge
423 2939 617 3025 presidiese
634 2939 796 3008 insiliam
824 2939 948 3007 Paztuk
963 2939 1210 3010 ,transtulisset
1239 2939 1323 3008 Item
1353 2941 1464 3010 Erdeu

329 3054 362 3114 et
377 3048 492 3115 Petrus
509 3066 549 3114 ae
560 3047 615 3131 aiij
629 3047 754 3116 nobiles
766 3047 870 3114 seiam
883 3047 1044 3132 dixerunt,
1060 3046 1147 3132 quud
1163 3046 1273 3114 Mathe
1290 3054 1325 3116 et
1340 3049 1465 3119 Paulus

328 3174 370 3221 ae
385 3153 441 3238 aiij
476 3154 653 3240 eompliees
684 3155 736 3222 sui
766 3154 857 3241 ipsos
887 3153 921 3222 iu
953 3153 1070 3240 vigilia
1100 3154 1322 3223 austrasianis
1342 3155 1466 3225 Sauete
1569 3201 1573 3206 -

330 3257 445 3329 Orneis
476 3260 538 3328 hoe
554 3281 641 3330 anno
656 3267 808 3347 presente
838 3261 925 3330 eirea
953 3262 1067 3330 villam
1094 3261 1276 3355 Hetuwegh
1290 3261 1465 3351 Wayuade

328 3366 543 3436 insidiassent
559 3367 592 3434 in
610 3369 666 3437 via
681 3370 739 3437 iite
756 3369 926 3455 pendente,
945 3376 978 3437 et
993 3370 1124 3438 eosdem
1141 3370 1322 3440 interficere
1340 3371 1479 3453 verinis·¹
1583 3411 1587 3420 2

327 3480 408 3542 sent
440 3475 535 3542 Vnde
566 3475 716 3544 fidelitati
732 3483 837 3546 vestre
853 3475 1048 3546 mandamus
1063 3475 1283 3565 precipiendo,
1299 3485 1465 3564 quatenus

250 3623 253 3628 ·
326 3585 467 3649 restrum
500 3581 636 3651 mittatis
676 3584 901 3653 testimonium
942 3583 1117 3672 ydoneum,
1151 3585 1243 3654 euius
1274 3585 1463 3654 testimonia

325 3686 484 3756 Nieelsus
516 3687 557 3756 de
590 3691 739 3758 Buehina
755 3691 851 3760 homo
882 3701 992 3760 noster
1008 3693 1144 3761 anesdat
1160 3713 1231 3761 eum
1247 3690 1330 3779 ipsis
1346 3691 1464 3762 nobiti·
1554 3739 1582 3781 ·:

327 3795 388 3862 bus
404 3800 436 3861 et
451 3815 551 3882 super
567 3798 734 3884 premissis
749 3802 844 3886 seint,
877 3800 989 3868 uideat
1006 3807 1038 3870 et
1067 3800 1211 3885 inquirat
1240 3799 1462 3868 omnimodam
1560 3823 1565 3833 ·

326 3902 511 3990 ueritatem,
540 3910 575 3971 et
591 3905 732 3990 posthee,
763 3907 849 3973 sieut
874 3907 966 3976 uobis
996 3907 1117 3974 ueritus
1149 3905 1341 3993 eonstiterit,
1365 3909 1461 3977 nobis

327 4007 466 4078 fideliter
480 4011 677 4080 reseribatis.
708 4013 830 4083 Datum
862 4014 954 4084 Bude
984 4015 1018 4082 iu
1048 4012 1130 4084 resto
1160 4013 1272 4084 Saueti
1303 4015 1460 4103 Demetrii

329 4117 481 4198 martiris.

330 4315 473 4381 (tredente
487 4317 671 4386 btirhutrtyin,
685 4335 702 4370 a
714 4318 858 4387 serpensii
870 4317 1022 4389 elvsszeit3
1041 4339 1059 4375 s
1070 4323 1149 4381 meli.
1162 4325 1233 4380 ntra
1246 4325 1462 4399 neunytnnny
1563 4392 1568 4400 ¹

659 4409 751 4463 usalsd
769 4409 886 4463 beezkiri
907 4412 1122 4480 lsrelttiribara)
