3162 5200
724 279 727 290 ’
841 323 1000 432 ..m-

359 527 478 588 terram
510 518 671 606 Episcopo
703 525 735 588 et
766 520 913 590 Ecclesia
944 521 1161 606 Zagrabiensi
1192 521 1381 610 prescripto,
1424 519 1485 587 sub

356 626 542 696 testimonio
571 625 774 714 Preceptoris
789 627 901 696 Sancti
917 621 1049 696 Martini
1065 648 1168 714 prope
1183 627 1380 713 Zagrabiam
1398 629 1485 694 dire

356 735 496 804 xerimns
511 735 703 820 Magistrum
725 737 907 822 Martinum,
923 737 997 806 aule
1013 743 1123 805 nostre
1148 735 1316 804 notarium.
1347 737 1487 803 Demum

357 842 442 910 sient
473 843 544 932 ipso
578 843 733 930 Magistro
765 844 905 912 Martino
925 845 1020 912 nobis
1038 844 1160 913 costitit
1175 845 1349 931 referente,
1365 849 1488 912 terram

356 951 435 1017 Wllr
463 952 633 1019 memorati
648 951 834 1020 conuocatis
859 953 1090 1022 commetaneis
1107 961 1139 1020 ot
1155 951 1280 1036 ricinis,
1299 958 1331 1019 et
1362 952 1488 1020 eisdem

357 1058 491 1126 minime
516 1060 825 1147 contradicentibus,
843 1081 953 1128 coram
969 1061 1100 1128 homine
1117 1057 1269 1128 Joaclnini
1283 1061 1367 1126 Baui
1382 1059 1488 1128 tonius

356 1164 541 1254 Sclauonie,
559 1185 654 1252 quem
670 1165 713 1234 ad
730 1168 792 1236 hee
808 1169 993 1253 specialiter
1013 1166 1197 1254 deputarat,
1230 1170 1321 1236 iuxta
1351 1168 1489 1236 formam

355 1273 457 1343 nostri
488 1275 637 1343 mandati
667 1277 773 1344 eidem
805 1277 966 1364 Episcopo
986 1276 1202 1363 Zagrabiensi
1218 1285 1251 1344 et
1266 1275 1415 1346 Ecclesia
1431 1297 1490 1346 sue

356 1381 535 1469 prescripta
550 1386 610 1452 sub
626 1384 810 1454 testimonio
826 1386 939 1454 fratris
956 1383 1158 1472 Benueniud,
1189 1386 1393 1472 Preceptoris
1424 1386 1487 1454 Do·

357 1511 428 1558 mus
458 1491 587 1576 Templi
604 1491 645 1559 dc
661 1491 783 1560 Sancto
804 1491 946 1560 Mancino
963 1491 1153 1580 supradicti,
1171 1500 1268 1576 prout
1283 1511 1343 1580 per
1357 1493 1488 1562 litteras

358 1599 501 1668 eiusdem
519 1598 614 1668 nobie
629 1599 775 1667 constitit
790 1599 970 1683 evidenter,
987 1598 1132 1686 tradidit,
1159 1602 1273 1667 statuit
1288 1607 1320 1668 et
1335 1601 1487 1686 assigna·

357 1708 403 1775 vit
419 1706 611 1775 anctoritate
643 1715 753 1775 nostra
770 1709 1006 1793 perpetualiter
1022 1708 1265 1795 possidendam,
1282 1707 1488 1778 introducen-

358 1818 399 1884 do
414 1817 448 1885 in
466 1818 666 1903 corporalem
682 1817 922 1902 possessionem
939 1815 1040 1904 ipsius
1056 1823 1140 1885 terre
1155 1815 1228 1884 loco
1253 1816 1357 1902 ipsine
1390 1817 1487 1902 Epis-

361 1926 434 2012 copi
451 1932 483 1991 et
498 1923 640 2012 Capituli
657 1924 707 1993 sui
725 1925 898 2011 Magistros
919 1924 1070 1993 videlicet
1086 1923 1299 2006 Mauirednm,
1317 1917 1487 1992 archidia-

359 2054 475 2102 conum
508 2032 548 2099 de
580 2031 735 2120 Grerche,
770 2034 972 2101 Dominioum
1008 2035 1183 2117 Decannm,
1223 2030 1425 2118 Stephanum
1457 2041 1489 2100 et

359 2140 549 2225 Gregorium
582 2140 760 2208 canonicos
793 2141 941 2209 Ecclesic
966 2139 1207 2225 Zagrabiensis,
1222 2140 1314 2206 datos
1336 2159 1488 2226 procura·

356 2259 443 2318 tores
458 2249 636 2336 peripsum
653 2247 848 2335 Episcopum
866 2257 898 2317 et
927 2247 1112 2335 Capitulum
1129 2248 1171 2315 ad
1204 2246 1264 2314 boc
1295 2250 1484 2333 specialiter

357 2358 539 2443 deputatos.
571 2353 671 2422 Gnius
703 2356 833 2440 quidem
856 2365 940 2426 terre
956 2357 1084 2426 termini
1110 2377 1167 2424 sen
1184 2363 1276 2440 mete,
1292 2355 1377 2424 sient
1393 2359 1487 2426 nobis

355 2463 442 2534 idem
459 2463 632 2550 Preceptor
648 2465 770 2533 Domus
787 2466 897 2533 Sancti
913 2465 1043 2534 Martini
1058 2485 1116 2553 per
1131 2485 1207 2533 suas
1224 2465 1353 2534 litteras
1386 2465 1486 2553 signi-

358 2573 477 2659 ficarit,
509 2578 543 2637 et
573 2577 668 2656 prout
685 2570 789 2640 eciam
806 2573 1021 2644 intelleximus
1041 2572 1154 2642 eodem
1169 2575 1327 2658 Magistro
1344 2574 1488 2666 blartino

358 2681 526 2765 referente,
542 2677 605 2745 hoc
624 2678 735 2746 ordine
751 2680 972 2766 distinguntur
988 2707 996 2749 :
1013 2683 1120 2748 Prima
1147 2688 1235 2750 meta
1265 2680 1381 2768 incipit
1396 2703 1418 2748 a
1432 2682 1489 2750 llu-

358 2789 411 2856 rio
440 2787 559 2873 (lasne,
584 2792 616 2855 et
631 2788 835 2873 progreditur
865 2790 988 2858 directe
1019 2788 1054 2856 iu
1070 2790 1211 2874 quadam
1231 2792 1360 2858 fossata
1376 2811 1489 2858 versus

356 2896 524 2982 orientem,
541 2901 572 2962 et
589 2895 773 2980 pervenitur
788 2896 831 2964 ad
848 2897 1013 2982 quandam
1031 2900 1180 2966 arborem
1197 2897 1287 2964 nucis
1304 2897 1488 2981 antiquam,

357 3005 398 3073 de
413 3023 478 3090 qna
508 3003 721 3090 progrediens
753 3003 902 3072 aseendit
933 3005 967 3072 in
986 3006 1138 3074 verticem
1157 3005 1276 3072 montis
1291 3010 1324 3071 et
1339 3004 1490 3090 pervenit

358 3109 583 3196 adunandam
599 3111 698 3196 marn,
715 3132 779 3198 que
795 3118 844 3182 ent
859 3113 893 3180 iu
909 3114 1078 3181 cacumine
1103 3114 1231 3197 montis,
1263 3111 1358 3181 iuxta
1392 3133 1490 3196 qnam

358 3227 466 3289 erecte
480 3227 556 3286 sunt
570 3218 634 3287 dne
644 3226 731 3288 mete
746 3221 935 3308 angulares,
952 3221 1171 3306 relinquentes
1181 3241 1202 3288 a
1213 3219 1349 3287 meridie
1366 3229 1490 3288 terram

358 3326 498 3414 Capitoli
516 3327 748 3412 Zagrabieusis
764 3326 916 3396 similiter
930 3329 1040 3398 Caena
1054 3334 1215 3415 vocatam,
1226 3348 1247 3395 a
1257 3325 1397 3396 meridie
1412 3347 1492 3396 rere

357 3435 590 3519 distinguentes
607 3443 725 3503 terram
741 3433 933 3522 Wydcbich,
947 3435 1006 3504 filii
1023 3435 1164 3521 Martini,
1176 3434 1365 3522 jobagionis
1383 3434 1494 3502 Oastri

358 3542 617 3628 Zagrabieneis3
638 3543 792 3627 aquibus
808 3535 1012 3628 progreditur
1027 3562 1142 3613 uersus
1158 3543 1425 3630 septemtrionem
1457 3541 1493 3608 in

309 3727 313 3732 ,
358 3651 471 3718 eadem
502 3649 566 3736 sia,
591 3657 624 3718 et
639 3649 786 3736 pervenit
802 3650 846 3717 ad
862 3651 1028 3734 quandam
1049 3657 1175 3738 partem
1190 3648 1351 3719 declivem
1369 3650 1492 3716 montis

356 3758 498 3830 eiusdem
515 3757 656 3827 adduas
673 3763 778 3826 metas
794 3759 959 3844 antiquas,
975 3760 1069 3826 iuxta
1085 3780 1167 3842 quas
1184 3764 1293 3826 erecte
1316 3762 1395 3826 sunt
1425 3755 1493 3822 dne

356 3888 451 3950 nove,
483 3867 658 3953 exquibus
691 3866 796 3934 eundo
829 3866 936 3938 adhuc
967 3867 1001 3934 in
1027 3868 1142 3936 eadem
1173 3866 1228 3934 via
1259 3865 1341 3933 etin
1373 3863 1493 3932 eadem

356 3977 640 4045 commetaneitate
655 3975 805 4061 pervenit
820 3975 863 4043 ad
880 3996 979 4044 unam
997 3977 1144 4044 arborem
1170 3975 1266 4061 ilycis
1298 3991 1396 4042 cruce
1425 3973 1494 4057 sig·

355 4091 480 4172 natam,
512 4085 603 4152 iuxta
620 4105 718 4170 quam
751 4093 858 4152 erecte
883 4090 958 4152 sunt
973 4083 1037 4153 dne
1053 4093 1138 4152 mete
1154 4091 1259 4152 terroe
1274 4101 1366 4168 nore,
1381 4102 1404 4148 a
1419 4081 1495 4164 qni-

356 4195 418 4262 bns
433 4193 641 4280 progreditur
656 4191 764 4262 adhue
779 4193 813 4259 in
841 4192 956 4262 eadem
986 4191 1093 4260 viaet
1122 4191 1271 4279 pervenit
1300 4190 1343 4256 ad
1373 4189 1496 4276 pedena

355 4301 523 4370 cniusdam
552 4301 687 4372 alterius
704 4301 841 4389 montis,
866 4301 921 4367 ubi
938 4301 1101 4370 divertens
1118 4301 1281 4370 modicum
1296 4298 1339 4365 ab
1356 4297 1496 4366 illaria

355 4429 477 4494 magna
491 4409 527 4476 in
541 4428 681 4480 ascensu
697 4409 840 4480 eiusdem
867 4409 985 4476 montis
1018 4410 1111 4477 iuxta
1142 4407 1307 4495 quandam
1339 4404 1492 4474 semitam

353 4525 428 4586 suut
444 4516 507 4586 due
523 4526 607 4587 mete
622 4539 704 4588 nore
720 4518 813 4588 iuxta
827 4518 981 4601 antiquas
991 4526 1098 4587 metas
1109 4523 1225 4603 erecte,
1237 4517 1270 4583 in
1281 4513 1493 4599 qnaquidem

354 4628 471 4694 semita
486 4626 633 4694 moendit
647 4625 692 4696 ad
707 4627 863 4696 uerticem
879 4625 997 4697 montis
1020 4627 1172 4714 predicti,
1206 4630 1239 4692 et
1256 4624 1290 4690 in
1306 4621 1424 4692 eadem
1441 4640 1494 4688 se-

1573 3979 1577 4036 i

1575 4037 1577 4088 Ι
