3194 5196
793 248 951 346 Q

310 439 552 510 eonditiouibus
567 439 727 506 studeatis
743 441 930 526 perquirere
947 440 1140 527 diligentem
1164 451 1198 510 et
1222 452 1330 512 utrum
1363 449 1434 514 eius

307 548 530 616 fundationem
545 547 615 614 Deo
631 553 760 631 grutam
776 565 847 614 esse
863 548 1067 632 putaueritis,
1092 557 1125 614 et
1141 557 1207 616 tam
1224 549 1339 618 Ordiui
1355 553 1438 620 Sau-

309 656 479 743 eteClare,
510 673 607 738 quem
623 658 730 719 vestro
746 652 893 719 videritis
925 653 1100 738 expedire;
1124 657 1293 740 lorumque
1325 659 1432 744 ipsum
1557 667 1567 678 ·

308 761 378 828 siue
393 767 624 829 monastertum
640 759 767 825 ratione
792 761 874 825 situs
898 763 930 824 et
961 757 1157 827 edificiorum
1189 759 1347 830 laetorum
1381 765 1433 831 rel

308 867 547 952 laoiendorum;
571 885 628 934 nee
645 885 709 932 nou
726 872 830 932 utrum
848 865 972 931 ratione
989 874 1212 954 prouentuum,
1229 867 1317 934 vnde
1331 872 1438 953 possit

308 975 483 1040 sustentari
501 974 695 1056 conuentus,
714 978 824 1055 aptum
840 971 989 1038 videritis
1006 972 1050 1038 ad
1066 975 1301 1058 obseruantias,
1319 978 1431 1057 quein

307 1081 451 1148 eiusdem
468 1079 587 1145 Soneio
604 1077 701 1144 Olore
716 1077 831 1160 regula
850 1084 924 1143 suut
939 1099 1104 1162 expresse,
1121 1086 1154 1144 et
1171 1085 1276 1146 utrum
1287 1079 1432 1148 edificari

307 1197 338 1254 et
355 1187 552 1272 iuoorporarl
571 1185 681 1271 possit,
713 1185 766 1251 vel
783 1185 825 1250 sit
840 1184 1024 1250 edificatum
1041 1186 1110 1252 sine
1142 1186 1221 1253 iuris
1254 1186 1432 1270 preludieio

305 1295 424 1375 alieui;
448 1291 539 1360 etad
555 1292 590 1358 id
606 1311 783 1358 eonsensus
799 1291 1043 1377 Arohiepiseopi
1071 1299 1104 1358 et
1136 1291 1277 1378 Capituli
1308 1293 1430 1377 Strigo·

305 1401 438 1485 niensis,
470 1419 509 1465 ae
524 1399 725 1465 Paroehialis
741 1397 913 1466 Presbiteri
944 1398 1125 1480 decesserit,
1158 1405 1189 1463 et
1219 1398 1375 1482 aeeedat;
1399 1409 1431 1465 et

305 1491 515 1574 nihilominus
531 1507 639 1572 omnia
656 1505 727 1571 alia
742 1504 802 1570 rite
819 1512 1020 1588 concurrant,
1039 1522 1079 1569 ex
1094 1524 1228 1587 quorum
1244 1505 1428 1572 considero-

305 1617 392 1682 tione
408 1615 500 1682 vobis
517 1615 644 1698 plenius
662 1614 832 1696 eluoesoet,
850 1613 928 1696 quid
945 1610 1183 1678 eonoedeudum
1200 1612 1252 1678 vel
1269 1613 1428 1697 denegan-

306 1723 381 1788 dum
399 1719 544 1787 fueritin
561 1717 738 1802 premissis.
763 1720 980 1801 Posteaquam
996 1738 1072 1784 uero
1088 1718 1122 1783 in
1138 1727 1266 1801 partem
1283 1719 1426 1803 ineorpo·

306 1827 441 1894 rationis
457 1825 509 1891 vel
526 1824 739 1890 edificationis
756 1823 992 1890 inoliuaueritis
1009 1829 1133 1890 mentes
1150 1831 1286 1910 uestras,
1313 1826 1428 1909 ipsem-

306 1952 368 2018 que
385 1933 424 2000 de
441 1951 600 2000 eonsensu
613 1930 763 2016 Ministri,
786 1939 818 1997 et
834 1930 989 1997 dictorum
1007 1929 1215 2000 discretorum
1231 1931 1383 1999 Fratrum
1398 1939 1428 1998 et

304 2037 522 2108 Prouincialis
548 2039 689 2123 Capituli
721 2039 1008 2121 incorporationem
1049 2038 1203 2104 duxeritis
1252 2038 1421 2106 coneedeu·

304 2146 390 2233 dam,
407 2151 439 2214 et
453 2147 543 2213 loeus
560 2147 629 2213 siue
646 2149 877 2212 monasterium
893 2141 990 2211 fuerit
1006 2150 1223 2230 preparatum,
1242 2145 1424 2211 edificatum

304 2261 336 2318 et
352 2254 508 2338 clausum,
541 2257 636 2336 prout
652 2250 789 2335 requirit
804 2251 918 2332 regula
933 2248 1021 2316 diets
1037 2237 1167 2334 Sancte,
1197 2269 1257 2316 sex
1273 2253 1327 2317 vel
1354 2270 1427 2333 qua·

303 2366 375 2426 tuor
390 2379 516 2426 sorores
532 2359 573 2424 de
589 2359 700 2440 aliqua
716 2357 894 2424 vicinarum
911 2356 1155 2424 Prouinciarum
1170 2359 1275 2442 ipsius
1290 2355 1425 2424 Ordinis

303 2465 421 2529 Sauete
437 2465 539 2546 Clare,
572 2482 653 2544 quas
669 2462 713 2528 ad
730 2461 791 2529 hoo
806 2462 942 2529 idoneas
960 2482 1031 2529 esse
1047 2463 1212 2544 nonarius,
1242 2463 1287 2528 ad
1319 2466 1425 2548 ipsum

301 2569 533 2636 Monasterium
552 2567 660 2636 Casiri
675 2569 883 2636 Posonieusis
898 2567 1131 2652 strigoniensis
1147 2569 1300 2636 Dioeesis
1316 2591 1428 2653 prosu-

302 2676 380 2740 retis
396 2659 667 2744 transserre⁴iuibi
683 2683 876 2762 moraturas,
900 2675 943 2741 ad
960 2683 1094 2762 ueteres,
1121 2695 1201 2757 quas
1217 2677 1285 2743 illie
1300 2677 1426 2743 admitti

300 2781 484 2869 eontigerit,
499 2783 716 2866 instruendas,
733 2803 900 2867 quousque
916 2783 957 2849 de
973 2782 1053 2867 ipsis
1077 2783 1168 2850 aliud
1185 2783 1284 2850 suerit
1298 2783 1424 2850 ordina-

297 2895 382 2971 tum;
407 2891 546 2974 prouiso,
578 2889 664 2974 quod
679 2908 791 2956 earum
809 2890 980 2956 translatio
997 2889 1061 2972 fiat,
1097 2897 1191 2974 prout
1209 2911 1422 2976 personarum

300 3002 332 3061 et
348 2997 477 3064 Ordinis
493 2997 648 3066 ooudeeet
664 2997 878 3065 honestatem.
902 2999 1023 3063 Datum
1039 2999 1127 3082 apud
1143 2999 1261 3065 Urbem
1279 3001 1423 3065 Veterem

298 3101 441 3170 morundo
456 3103 531 3170 idus
546 3104 745 3190 Septembris
763 3123 849 3170 auno
866 3103 997 3169 Domini
1014 3103 1185 3170 millesimo
1202 3103 1420 3172 ducentesimo

295 3209 508 3294 nonagesimo
524 3213 676 3303 septimo,
706 3211 915 3279 Pontitieatus
931 3210 1063 3276 Domini
1079 3209 1239 3293 Bonifaeij
1269 3210 1419 3299 Episeopi

298 3311 399 3400 (auno
416 3313 547 3401 tertio.).

443 3512 544 3573 (uehar
562 3515 716 3582 najesanyr
734 3501 826 3567 luem
844 3517 1051 3582 uaerausgyoe
1074 3515 1280 3578 usurasne)
