3190 5190
610 251 667 318 99,

42 443 44 518 ἶ
99 471 159 536 one
171 454 304 537 pretextu
332 466 517 532 guerrarum
548 445 737 513 huiusmodi
757 449 896 527 recepte,
912 441 1005 510 reddi
1020 451 1053 510 et
1070 441 1195 508 restitui

107 559 231 634 debeant,
246 561 277 621 et
290 553 429 641 dampna
444 552 522 619 data
541 551 762 638 indempniter
776 549 962 618 restaurari.
977 549 1072 618 Licet
1085 549 1197 634 itaque

105 666 200 734 Comes
241 659 434 728 Laurencius
464 658 550 726 lilius
580 658 717 745 Komen,
749 656 889 725 dilectus
921 663 953 724 et
976 656 1082 724 fidelis
1114 657 1199 722 Baro

42 777 44 858 ξ
97 778 202 852 noster,
215 768 264 854 qni
277 768 473 854 temporibus
505 765 769 853 predecessorum
800 769 994 852 nostrornm,
1011 763 1066 831 uui
1096 763 1201 831 nostri

42 875 45 968 ι
103 876 231 945 uidelicet
260 881 290 942 et
303 875 406 962 patris
437 873 565 962 piarum
597 870 860 942 recordacionnm
891 875 1014 956 Regum
1031 871 1199 956 Hungarie
1234 905 1237 912 ·

42 979 44 1082 ξ
103 985 260 1067 illustrium,
283 980 501 1052 Palatinatum
517 990 550 1050 et
565 983 707 1050 maiores
739 981 843 1064 Regni
875 979 1013 1048 honores
1048 977 1198 1046 laudabi-

42 1093 44 1184 ι
102 1092 162 1159 liter
187 1090 323 1177 obtinuit,
354 1111 466 1158 eorum
498 1090 666 1176 obsequijs
681 1096 716 1157 ut
730 1087 879 1175 fideliter,
906 1088 954 1154 sio
969 1095 1003 1154 ct
1017 1085 1198 1155 immutabi-

101 1200 201 1266 literin
215 1199 372 1286 prosperis
388 1200 513 1284 pariter
528 1205 560 1266 et
574 1198 723 1267 aduersis
741 1195 929 1275 insistendo,
947 1193 1035 1282 apud
1045 1195 1198 1262 Nostram

42 1313 44 1380 ἑ
101 1305 286 1394 llaiestatem,
315 1326 391 1374 cnm
422 1327 488 1375 non
520 1326 651 1374 eramus
670 1323 778 1390 capax
797 1302 926 1389 consilij
946 1308 1077 1388 propter
1092 1309 1200 1371 nostre

42 1403 45 1496 ι
100 1412 180 1480 etatis
193 1411 410 1500 inperfectum,
427 1435 486 1500 per
503 1434 580 1482 suos
597 1413 746 1481 inimicos
766 1416 946 1499 superatus,
965 1431 1005 1478 ea
1030 1411 1101 1479 uice
1117 1431 1153 1479 se
1169 1423 1203 1479 et

42 1505 45 1572 Ι
100 1519 171 1586 ilios
200 1539 270 1589 suus
301 1530 436 1590 coactus
468 1520 512 1588 ad
527 1533 653 1608 partem
684 1520 897 1590 transtulerat
924 1519 1070 1606 predicte
1085 1520 1202 1589 matris

42 1647 44 1704 l
100 1633 201 1712 nostre,
216 1630 293 1695 etob
311 1628 375 1697 hoc
390 1629 553 1716 possessio
570 1628 674 1716 ipsine
690 1627 798 1715 Vylsol
813 1633 932 1695 uocata
949 1626 1092 1694 existens
1105 1625 1200 1695 iuxta

42 1731 45 1824 ι
93 1731 211 1816 ‘wigii
226 1734 385 1804 Comitatus
417 1735 660 1806 Trinolsiniensi
678 1736 722 1804 ad
737 1735 979 1820 suggestionem
995 1734 1200 1817 quorundam
1251 1822 1255 1828 Ι

42 1883 44 1930 ι
98 1858 144 1924 per
157 1859 209 1910 nos
223 1851 362 1931 recepta,
378 1841 495 1914 fuisset
527 1844 724 1912 llonasterio
756 1843 849 1912 Beati
880 1841 1010 1909 llartiui
1027 1841 1069 1908 de
1100 1840 1201 1908 Sacro

42 1937 46 2090 ι
91 1945 190 2014 ,Μοιιι
216 1949 382 2017 Pannonis
407 1953 582 2036 assignata
596 1957 707 2020 nostro
724 1950 898 2037 priuilegio
912 1948 1097 2036 mediante3
1120 1949 1199 2034 quia

94 2062 186 2122 umen
199 2053 240 2124 ad
254 2057 522 2126 relormscionem
539 2057 642 2145 ipsius
674 2058 848 2128 concordie
879 2058 1095 2144 comperimus
1124 2077 1201 2126 eun·

62 2158 155 2228 »dem
190 2161 340 2235 comitem
392 2166 596 2234 Lunensium
625 2186 683 2251 pre
714 2166 863 2234 omnibus
903 2149 979 2250 slijs
1008 2164 1197 2232 'Batonibus

93 2266 264 2336 muceidem
282 2271 381 2338 mani
411 2277 523 2340 nostre
552 2269 786 2340 adherentibus
816 2269 994 2340 efficaciter
1016 2273 1197 2361 laborasse,

84 2373 291 2443 commendate
332 2378 504 2462 probitatis
535 2398 594 2447 suc
624 2378 723 2446 fidam
753 2378 851 2447 fidem
891 2377 1101 2468 declarando,
1132 2399 1193 2446 nos

87 2480 167 2562 ,pacis
181 2490 211 2548 et
224 2483 397 2578 concordie
421 2485 592 2573 zelatores,
612 2505 685 2553 uum
701 2493 834 2572 propter
858 2485 1040 2554 huiusmodi
1070 2485 1200 2554 uirtutis

91 2605 138 2655 sne
164 2597 251 2658 aaut
281 2599 467 2677 strennuos,
496 2599 565 2660 tum
598 2593 702 2661 sciam
733 2595 810 2678 quia
826 2598 970 2662 nostrum
989 2600 1022 2660 et
1038 2593 1199 2661 Beronum

91 2703 250 2765 nostrorum
266 2696 484 2767 iuramentum
501 2699 647 2786 predicte
679 2700 773 2788 pacis
804 2699 1031 2768 reformaeioni
1063 2700 1201 2787 interpo-

83 2799 169 2869 situm
198 2805 413 2876 infallibiliter
439 2806 612 2876 attendere
627 2807 777 2878 uolumus
793 2815 826 2877 et
842 2829 975 2878 seruare
990 2830 1072 2895 puro
1089 2807 1195 2893 corde,

83 2927 122 2976 ae
133 2929 187 2996 per
199 2921 327 2982 nostros
361 2913 469 2982 lacere
500 2916 676 2983 obseruare
693 2940 701 2982 ε
717 2915 784 2982 iam
807 2915 926 2984 dietam
960 2917 1202 3002 possessionem

91 3014 177 3100 lpbel
205 3040 277 3088 cnm
293 3021 366 3090 suis
385 3023 583 3090 utilitatibus
600 3022 750 3092 omnibus
764 3030 797 3091 et
811 3024 1022 3110 pertinencijs
1039 3024 1199 3092 uniuersis
1300 3021 1302 3028 ‘

83 3121 178 3190 eidem
193 3126 311 3196 comiti
342 3129 532 3214 Laurencio,
548 3137 581 3197 et
596 3150 653 3216 per
672 3151 746 3199 eum
776 3130 853 3216 filijs
885 3133 964 3218 suis,
996 3129 1198 3215 liliorumque

80 3247 199 3298 suorum
229 3235 265 3301 in
282 3243 451 3321 posterum
479 3237 720 3306 successoribus
736 3237 936 3307 reddidimus
953 3244 986 3305 et
1001 3237 1199 3306 restituimus

80 3337 195 3406 coiure
209 3348 242 3410 et
272 3342 489 3431 plenitudine,
515 3345 548 3411 in
581 3345 698 3429 quibus
728 3345 817 3432 prius
849 3365 921 3414 eam
952 3347 1015 3416 rite
1046 3347 1205 3415 nosseitnr

88 3446 273 3534 possedisse;
300 3449 512 3535 priuilegium
543 3459 687 3520 nostrum
721 3454 785 3538 ipsr
776 3452 996 3522 Monosterio
1012 3453 1106 3522 Beati
1121 3455 1206 3522 llar-

42 3548 135 3618 tini
148 3571 243 3640 snper
261 3556 328 3624 hoo
359 3557 514 3628 traditum
530 3565 562 3626 et
593 3578 793 3645 concessum,
824 3563 992 3628 cassantes
1008 3567 1041 3628 et
1072 3563 1201 3647 penitus

42 3675 44 3826 ἱ
42 3643 235 3730 ἰιιὶιιιιιιιιι
266 3664 459 3733 auctoritato
490 3666 693 3752 presencium
718 3687 925 3754 reuocamus;
950 3670 996 3736 ita
1012 3675 1048 3735 ut
1063 3669 1199 3736 ubicun-

42 3781 138 3856 que
150 3767 184 3834 in
198 3768 325 3838 indicio
341 3772 396 3840 uel
413 3779 507 3841 extra
523 3773 621 3843 inerit
636 3781 868 3864 presentatum,
883 3773 1006 3844 uiribus
1030 3784 1201 3863 conectet

42 3857 44 3922 l
86 3871 191 3942 auibus
204 3877 250 3943 sit
268 3876 401 3964 penitus
423 3879 594 3950 firmitatis.
610 3883 653 3950 vt
668 3881 769 3966 igitur
783 3883 968 3953 huiusmodi
982 3882 1202 3952 restitutionis

42 3959 44 4092 ι
75 3980 174 4050 serles
190 3985 290 4052 rohur
305 3993 461 4072 perpetue
476 3988 639 4057 firmitatis
656 3990 811 4079 obtineat,
843 3996 1010 4077 presentes
1042 3990 1203 4060 concessi-

42 4087 45 4166 l
84 4105 145 4156 mus
173 4089 308 4160 litteras
341 4091 504 4181 duppliois
536 4097 640 4182 sigilli
674 4096 776 4166 nostri
815 4098 993 4166 munimine
1022 4099 1203 4167 roboratas.

42 4169 189 4266 Datum
207 4219 270 4286 per
302 4221 420 4269 manus
451 4203 599 4288 Magistri
630 4203 801 4274 Benedicti
833 4205 997 4274 Budensis
1029 4207 1203 4296 Propositi,

42 4247 45 4364 l
73 4305 148 4373 aule
175 4313 291 4377 nostre
321 4307 400 4376 Vice
432 4308 639 4398 Ganoellarij,
670 4312 779 4382 dilecti
811 4320 843 4381 et
858 4312 963 4382 tidelis
995 4315 1098 4381 nostri
1113 4335 1201 4386 anno

42 4405 45 4496 ι
79 4407 202 4480 bomini
234 4414 410 4485 millesimo
441 4417 494 4485 OG
501 4419 621 4486 νο[ιιιΧ
652 4427 778 4507 quarto,
811 4420 936 4490 decimo
968 4419 1130 4490 kalendas
1145 4421 1205 4490 Fe·

42 4497 205 4620 }'·brusriJ,
236 4519 427 4593 Indiceione
451 4527 607 4620 secunda,
623 4529 728 4614 Regni
744 4535 853 4599 autem
871 4529 975 4599 nostri
991 4549 1077 4598 anno
1093 4549 1205 4600 secun
