3190 5190
584 1012 657 1076 105.

35 1171 37 1220 ξ
83 1208 97 1269 l
105 1206 131 1271 V.
153 1207 256 1273 coarto
270 1208 450 1292 lui-roilynolc
466 1229 537 1270 ezerr
562 1206 740 1293 odomdayt
771 1209 958 1294 mspcrh'eltd
988 1209 1203 1294 dhnepelyoe-

430 1313 679 1400 prdodleye'umo.
697 1315 793 1381 1274.

35 1521 37 1548 ³
166 1506 333 1578 Lodislaus
363 1507 425 1574 Dei
456 1508 571 1591 gracia
601 1507 781 1594 Hnugarie,
816 1508 997 1596 Dalmacic,
1033 1508 1181 1594 Oroacic,

35 1675 36 1696 ξ
80 1616 169 1702 Romo,
183 1611 296 1698 Seruio,
332 1611 485 1701 Gallicis,
526 1613 730 1700 Lodomerie,
764 1612 930 1702 Comanis,
962 1617 1180 1700 Bulgarieqnc

79 1723 135 1787 lter
160 1721 295 1788 omnibns
330 1719 453 1788 Christi
484 1719 635 1788 fidelibus
652 1729 820 1806 presentes
836 1721 962 1791 litteras
978 1722 1180 1790 intuentibus

35 1907 36 1914 ξ
80 1827 195 1894 salutern
209 1828 240 1893 in
255 1827 398 1898 omnium
430 1827 608 1896 salvatore.
625 1827 678 1894 Ad
708 1830 932 1898 universorum
964 1829 1116 1896 noticiam
1133 1835 1181 1894 tc-

35 2023 36 2026 *
77 1954 140 2000 nore
153 1937 346 2018 presencium
370 1935 518 2002 volumus
533 1936 716 2022 peruenire,
736 1934 822 2019 quod
838 1941 966 2021 gratam
984 1935 1175 2004 fidelitatem

78 2045 104 2105 et
130 2042 388 2112 commendabilia
429 2043 546 2110 merita
587 2042 818 2128 circumspecte
859 2043 1069 2127 providencie
1102 2043 1179 2128 viri,

78 2146 204 2230 Magistri
234 2149 383 2236 Gerardi,
412 2148 502 2216 Artis
532 2148 695 2218 Medicina
709 2150 920 2233 Professoris,
936 2148 1042 2218 fidelis
1059 2149 1177 2237 phisici

35 2269 37 2350 ξ
78 2255 170 2340 nostri,
198 2257 310 2338 quibus
341 2276 450 2326 coram
482 2256 603 2324 nostris
636 2264 669 2322 ct
700 2255 964 2342 predecessorum
995 2263 1178 2330 nostrorum

77 2360 139 2426 Belo
165 2363 315 2431 videlicet
348 2364 402 2432 ari
418 2363 530 2451 nostri,
548 2370 580 2429 ct
596 2362 756 2448 Stephani
775 2363 931 2448 genitoris
945 2366 1059 2448 nostri,
1075 2367 1167 2433 domi

76 2488 179 2555 nomm,
206 2472 281 2538 olim
314 2471 491 2540 illustrium
523 2469 649 2556 Regum
683 2470 859 2555 Hungaria
899 2473 1019 2541 occulis
1059 2474 1180 2542 meruit

77 2577 269 2662 multipliciter
299 2580 506 2664 conplacere,
537 2589 682 2646 nostrum
713 2586 745 2644 et
760 2578 944 2646 eorumdem
976 2599 1111 2666 corpora
1142 2581 1179 2646 in

74 2681 204 2768 adoptato
217 2685 373 2753 sanitatis
388 2691 472 2752 statu
505 2684 729 2752 conservando
745 2705 805 2770 per
836 2691 986 2769 tempora
1016 2687 1182 2772 longiora.

35 2791 272 2898 Attendentes,
297 2794 579 2875 revocantcsque'
571 2814 604 2859 m
620 2793 776 2880 animum,
797 2792 938 2877 qualitor
953 2794 1039 2860 idem
1055 2795 1177 2880 Magis·

35 2873 294 2994 {arderardus
328 2920 388 2984 per
420 2901 595 2966 exercitate
625 2900 855 2968 sollicitudinis
886 2917 944 2968 sue
975 2898 1073 2968 tuam
1104 2921 1179 2986 ope·

35 2971 223 3116 {racionem
253 3027 315 3075 nos
348 3008 528 3074 auxiliante
564 3006 702 3074 Domino
735 3007 775 3074 dc
791 3007 885 3092 gravi
916 3007 1111 3091 egritudinis
1127 3028 1180 3076 ar·

35 3085 166 3202 {tinulo
195 3116 251 3182 ubi
283 3116 326 3183 de
342 3115 412 3182 vita
436 3122 549 3184 nostra
565 3121 691 3200 poterat
717 3117 833 3183 merito
865 3114 1015 3201 dubitari,
1048 3114 1181 3202 pristine

35 3147 39 3314 ξ
77 3221 192 3287 restitnit
221 3224 370 3291 sanitati.
402 3223 496 3291 Nos
488 3243 522 3290 ιιι
554 3223 731 3306 aliqualem
763 3223 1058 3292 remuneraciouem
1086 3230 1133 3289 tot
1149 3229 1182 3292 et

35 3315 36 3402 ᾗ
78 3333 217 3395 auorum
231 3332 422 3397 meritorum
438 3350 578 3418 snorum,
597 3351 637 3398 cx
653 3336 744 3398 corta
774 3331 915 3398 sciencia
933 3337 965 3395 et
980 3349 1070 3397 mora
1100 3330 1183 3398 libc-

77 3433 199 3520 ralitate,
230 3437 271 3504 de
304 3439 470 3505 Beronum
510 3443 696 3506 nostrorum
722 3435 952 3505 nichilominus
984 3439 1118 3506 oonsilio
1150 3446 1182 3506 ot

35 3553 37 3572 ²
78 3558 226 3628 consensu,
262 3545 458 3611 contulimus
493 3545 596 3611 eidem
637 3546 794 3630 Magistro
836 3528 981 3612 Gerardo
1024 3543 1186 3630 quandam

35 3653 37 3716 ἐ
77 3652 177 3714 terram
208 3649 315 3718 Castri
331 3651 575 3734 Zagrabiensis,
588 3653 751 3719 Toruowa
767 3659 928 3739 vocatam,
944 3671 1016 3718 cum
1033 3653 1183 3721 omnibus

35 3843 37 3850 Ι
77 3751 131 3819 suis
158 3756 354 3825 utilitatibus
384 3765 415 3824 et
446 3759 659 3843 pertinenciis
692 3759 864 3846 universis,
907 3758 1002 3827 terris
1033 3756 1186 3828 videlicet

35 3881 36 3950 ε
77 3863 156 3928 cultis
186 3872 217 3930 et
242 3867 387 3950 incultis,
419 3865 535 3951 vineis,
568 3867 673 3952 silvis,
705 3867 900 3953 nemoribus,
934 3865 1038 3953 aquis,
1070 3868 1184 3954 pratis,

35 3973 37 4052 ᾗ
77 3963 224 4058 senilibus,
240 3972 284 4038 ab
305 3973 378 4058 ipso
409 3973 626 4059 Zagrabieusi
658 3969 770 4040 Castro
802 3979 972 4058 exceptam
1004 3971 1136 4056 penitus
1154 3980 1189 4040 ct

35 4131 40 4172 s
76 4085 247 4160 exemptam,
280 4098 338 4165 per
353 4100 427 4147 eum
445 4087 477 4147 et
492 4101 551 4166 per
566 4100 644 4148 suos
661 4079 797 4148 heredes
818 4080 1039 4164 heredumque
1056 4099 1187 4147 suorum

76 4176 103 4242 in
129 4188 289 4266 posterum
320 4205 526 4255 successores
560 4185 826 4254 inrevocabiliter
867 4191 1024 4272 perpetuo
1054 4187 1189 4271 pacifice

76 4290 299 4377 possidendam,
327 4315 399 4363 eam
414 4295 478 4362 sibi
493 4315 552 4381 per
567 4293 761 4381 Dyonisium
783 4295 949 4380 Comitem,
966 4301 1043 4360 tunc
1059 4293 1187 4362 Bonum

75 4393 163 4461 tocius
193 4397 378 4489 Solanonic,
411 4403 499 4470 nullo
536 4401 778 4476 contradictore
818 4407 1007 4487 apparente,
1039 4402 1123 4468 sicut
1154 4391 1201 4468 in'

35 4471 38 4642 ξ
83 4499 214 4570 eiusdem
231 4507 317 4574 Boni
333 4508 437 4578 litters
453 4509 679 4597 declarabant,
697 4528 860 4594 assignari
850 4505 1027 4575 iaciendo
1038 4508 1190 4576 Volentes

35 5037 40 5073 i

35 4613 107 4688 εί
120 4614 257 4692 presenti
283 4614 449 4683 ediocious
478 4624 638 4703 perpetuo
671 4616 824 4684 duratura
855 4622 1045 4710 statuentes,
1072 4621 1190 4682 uttam

1043 4721 1086 4792 81
