3162 5200
845 229 1005 338 jsr-

357 429 517 516 elesieusi,
532 431 694 520 Dyonisio
710 431 884 516 lauriensi,
900 430 1061 519 Pbylippo
1071 429 1259 501 Waobicnsi
1271 427 1345 500 aule
1356 427 1483 502 dominc

357 541 484 627 Regina
508 541 681 608 carissime
706 540 868 610 consortis
900 547 1009 608 nostre
1041 539 1255 626 cancellario,
1287 542 1487 628 Thymothco

357 651 583 739 Zagrabiensi,
622 648 816 717 Lodomerio
856 648 1073 736 waradiensi,
1113 649 1209 717 Petro
1256 650 1483 738 Transiluano,

357 757 490 826 Andrea
505 757 668 844 Agriensi,
688 757 843 840 Gregorio
866 753 1090 824 Obauadiensi
1106 763 1138 824 ct
1153 759 1249 826 Petro
1266 757 1380 825 illecto
1395 759 1487 825 Wes-

358 866 527 953 primiensi
557 864 732 951 Episcopis
764 863 930 932 Ecclesiae
960 863 1023 931 Dei
1054 863 1194 931 feliciter
1224 865 1488 950 gubernantibus.

357 975 453 1042 Petro
470 972 637 1060 Palatino,
664 971 787 1039 Gemite
804 971 1018 1057 Sepruuiensi
1035 978 1068 1039 ot
1098 973 1216 1040 Judice
1248 973 1486 1057 Cumanorum

357 1081 485 1150 Thema
500 1081 592 1151 Bauo
607 1080 712 1149 tocius
727 1080 913 1166 Solanonie,
946 1078 1077 1149 Matheo
1101 1079 1258 1168 Magistro
1287 1081 1484 1162 Tauarnico

357 1209 428 1255 rum
444 1193 640 1275 nostrorum,
672 1186 788 1266 Miknd
803 1187 895 1257 Bauo
910 1187 951 1254 de
967 1187 1116 1276 Zcurino,
1149 1187 1274 1272 Vgrino
1305 1186 1488 1273 Woywoda

356 1295 573 1364 Transiluano
589 1302 622 1364 et
637 1294 765 1363 Comite
782 1293 824 1361 de
839 1295 965 1384 Zonuk,
992 1295 1141 1364 Rolando
1156 1295 1312 1380 Magistro
1327 1297 1487 1364 Tauarni·

356 1423 465 1472 eorum
482 1403 610 1470 domine
625 1403 750 1488 Regino
766 1401 892 1470 comite
908 1401 949 1470 de
965 1402 1066 1490 Zaua,
1099 1401 1265 1489 Stephano
1279 1401 1405 1472 comite
1422 1403 1487 1468 Da-

355 1510 531 1598 pit‘erorum
546 1515 727 1578 nostrorum
744 1507 868 1576 Gomitc
884 1509 1068 1596 Baebicnsi,
1097 1509 1192 1596 bloys
1224 1507 1348 1578 Gemite
1377 1510 1485 1598 Symi-

357 1621 474 1708 giensi,
506 1619 677 1686 Herrando
692 1617 817 1686 (lomite
833 1617 939 1685 Castri
955 1618 1076 1702 Ferrei,
1107 1617 1223 1703 Bagun
1239 1616 1364 1685 comite
1388 1617 1485 1686 Zela

356 1726 473 1814 diensi,
490 1734 522 1794 et
539 1727 617 1814 aliJs
633 1746 730 1811 quam
747 1725 896 1813 pluribus
913 1725 1091 1795 Comitatus
1106 1723 1213 1810 Regni
1227 1726 1328 1794 nostri
1345 1729 1484 1794 teneati-

355 1837 417 1904 bns
433 1845 465 1903 et
481 1834 631 1904 honores.

358 2035 501 2098 (Eredetis
520 2034 714 2100 borbdrtydn‚
754 2034 876 2100 melyrbl
895 2048 912 2083 a
931 2032 1025 2100 kirtly
1044 2035 1137 2086 kettds
1167 2033 1290 2099 pecsdtje
1322 2033 1483 2084 zoin-voror

359 2125 596 2190 sslyemzsindron
615 2127 703 2193 iiigg;
730 2141 747 2177 a
772 2124 878 2176 idmelt.
910 2126 1029 2192 berezeg
1059 2125 1212 2193 Batthytmi
1243 2125 1337 2176 csaldd
1369 2123 1484 2175 levdltt·

856 2214 965 2278 raban.)

785 2503 1053 2513 u-——a

881 3059 955 3128 125.

351 3259 498 3324 Eraaddet
513 3257 616 3346 isy'abb
631 3259 847 3345 birdlyndnalc
856 3257 976 3346 Symop
988 3261 1019 3325 da
1029 3255 1189 3346 Spmodor
1199 3259 1395 3348 delysdpclcet
1405 3265 1480 3327 τάν-

351 3368 452 3452 9yczd
468 3366 653 3452 cdorndnyc
670 3390 691 3432 α
716 3367 911 3453 aydlezipeti
936 3367 1164 3454 apdczazdrda
1188 3373 1349 3434 cadma'ra.
1384 3369 1484 3436 1275.

457 3560 600 3630 isabella
631 3562 693 3630 Dei
707 3565 820 3646 gracia
850 3563 977 3648 Regina
996 3563 1164 3649 Hungarie
1178 3562 1336 3632 uniuersis
1354 3563 1482 3633 Christi

349 3669 502 3738 fidelibus
517 3678 582 3738 mm
600 3671 804 3757 presentibus
820 3692 915 3756 quam
941 3671 1058 3739 futuris
1090 3691 1222 3758 presens
1253 3672 1410 3757 scriptum
1428 3673 1480 3739 in-

348 3778 512 3848 tuentibus
543 3776 679 3845 salutem
696 3778 729 3844 in
745 3780 883 3846 Domino
902 3779 1141 3865 sempiternam.
1157 3777 1356 3863 Religiosam
1372 3780 1482 3846 uitam

348 3885 540 3954 ducentibus
555 3887 642 3971 pium
661 3891 711 3953 cst
728 3891 760 3950 ct
775 3886 870 3954 saluti
892 3885 1096 3968 conueniens,
1123 3885 1368 3954 reminiscencie
1400 3885 1484 3954 dcx·

347 3999 419 4062 tera
449 3991 633 4080 prouidere,
664 3999 699 4061 vt
722 3993 853 4060 Diuinis
886 3993 1004 4078 officijs
1034 3993 1154 4062 deditis
1188 3993 1278 4060 nulla
1308 3993 1482 4077 ingeratur

347 4103 485 4186 occasio,
516 4100 558 4166 ab
590 4112 701 4168 eterne
731 4103 1018 4190 contemplacionis
1049 4099 1222 4168 dulcedine
1252 4102 1397 4169 auocari.
1419 4101 1482 4168 Pio
1567 4101 1570 4106 ’

348 4209 446 4294 igitur
461 4209 581 4277 mentis
597 4208 715 4276 affeetu
731 4208 869 4278 denotas
885 4209 1160 4278 Sanctimouialcs
1177 4209 1219 4278 de
1235 4210 1346 4277 Insula
1356 4209 1482 4279 Sancte

347 4318 452 4386 biario
483 4315 627 4401 Virginis
657 4318 843 4403 prospicere
874 4321 1051 4404 cupientes,
1085 4338 1149 4403 quc
1180 4318 1322 4386 Domino
1354 4317 1482 4402 iugiter

348 4424 538 4494 famulando
554 4445 626 4494 sese
642 4425 769 4512 pompis
786 4427 886 4494 seculi
918 4425 1120 4512 abdicarunt,
1148 4416 1268 4496 nudum
1302 4425 1481 4516 Christum,

347 4531 543 4602 renunciatis
560 4533 712 4621 proprijs,
728 4534 854 4602 deuotis
872 4533 991 4621 studiJs
1008 4532 1232 4618 insequendo:
1250 4535 1283 4601 in
1315 4541 1479 4604 sustenta-
