3162 5200
807 411 969 546 Α
1057 495 1068 504 ,

175 625 176 628 ’
318 629 491 699 meridiem
510 649 610 715 usque
624 630 668 701 ed
682 631 941 722 Trestenepolo;
966 641 998 702 et
1012 632 1212 703 transeundo
1243 631 1335 700 ilium
1365 649 1456 700 onm-

322 757 401 824 pum
417 729 566 822 peruenit
580 738 624 806 ed
639 759 758 824 equam
773 739 881 830 Luky‚
897 740 955 810 ubi
971 739 1185 810 estarbortul
1195 758 1290 807 oruoe
1300 740 1454 824 signnts;

322 850 355 911 et
371 843 405 913 in
424 843 539 914 eudem
555 865 644 932 aquo
657 846 755 938 Luky
770 845 874 918 tendit
889 868 1005 919 uersus
1020 845 1190 916 meridiem
1204 845 1251 915 sd
1264 847 1381 933 loounr,
1396 845 1451 932 qui

319 949 646 1041 Vnoheleustopolyo
662 962 818 1041 voootur3
841 962 875 1025 et
889 955 967 1025 inde
981 956 1051 1026 exit
1074 961 1192 1024 'versus
1224 952 1391 1038 orientem,
1422 958 1455 1020 et
1559 1029 1561 1036 ¹

225 1061 227 1066 ’
319 1056 425 1126 tendit
440 1059 483 1126 od
497 1057 666 1128 meridiem
683 1061 726 1130 od
743 1080 893 1146 eampum
909 1058 1105 1145 Ohornuoh3
1138 1065 1171 1127 et
1187 1079 1229 1128 ex
1259 1059 1327 1127 otis
1357 1065 1459 1145 perte

321 1184 408 1250 oque
422 1165 456 1231 in
471 1164 587 1234 eodem
602 1168 676 1236 loeo
691 1166 781 1235 ondit
797 1187 885 1252 oque
899 1168 1052 1256 Zoooyna
1067 1165 1102 1233 iu
1117 1185 1237 1252 oqusnr
1269 1162 1454 1249 Ohnrnuoir,

322 1277 357 1340 et
372 1271 418 1339 ibi
435 1280 603 1360 separatur
618 1296 639 1343 a
654 1282 742 1345 terro
757 1275 866 1358 Oheh3
890 1275 1009 1346 deinde
1025 1273 1234 1362 progreditur
1251 1278 1283 1340 et
1298 1270 1394 1342 redit
1411 1270 1456 1338 ad

323 1377 537 1468 recidentem,
566 1383 716 1469 peruenit
731 1383 775 1450 od
791 1383 931 1469 priorem
946 1390 1078 1471 metam,
1108 1379 1219 1465 ibique
1251 1380 1452 1448 terminatur.

322 1487 367 1553 vt
385 1485 485 1572 igitur
500 1487 582 1556 haee
596 1495 707 1560 nostra
722 1489 859 1559 oollaoio
875 1491 1070 1560 inoonousso
1085 1494 1285 1576 permanent,
1300 1506 1362 1555 neo
1378 1506 1450 1573 pro·

327 1609 442 1676 gressu
457 1597 636 1680 temporum
650 1599 753 1683 possit
767 1616 827 1684 per
853 1595 1039 1682 quempiam
1066 1591 1248 1678 retraetari,
1280 1595 1450 1677 presentes

242 1709 243 1712 ’
324 1697 431 1766 eidem
448 1698 570 1791 comitii
582 1701 762 1794 Benedioto
773 1701 992 1771 conoessimus
1023 1700 1149 1769 litteras
1166 1697 1330 1785 duppliois
1347 1696 1451 1782 sigilli

318 1806 497 1876 munimine
508 1799 686 1891 roboretus.
697 1808 819 1879 Datum
829 1830 888 1895 per
904 1829 1022 1879 munus
1038 1805 1188 1893 Magistri
1204 1804 1356 1892 Gregorij
1374 1804 1454 1872 sule
1579 1901 1580 1904 Ἴ

319 1919 432 1991 nostre
448 1912 643 2002 Ounoellerij
660 1916 767 1986 fidelis
782 1916 889 1986 nostri
903 1913 1004 2004 (nuno
1018 1913 1150 1982 Domini
1166 1909 1303 2001 Μὴῦὓο
1321 1917 1452 1999 septus·

317 2022 445 2106 gesimo
462 2022 581 2106 quinto.
610 2018 612 2026 ’

317 2217 358 2282 >A
375 2217 507 2284 pozsegsi
525 2216 718 2282 ktptslennek
738 2217 850 2268 renodi
881 2215 1052 2279 stuatosum
1085 2230 1103 2266 o
1127 2213 1211 2266 bndsi
1236 2213 1289 2265 kir.
1318 2213 1453 2264 hammer*

577 2305 752 2358 levtlttrnuk
769 2305 936 2372 zdgrdbbsn
954 2305 1018 2356 ltvd
1036 2303 1192 2368 ressdbeu.)

752 2589 1020 2602 ψ

852 3050 925 3120 127.

315 3249 465 3318 Erzedbet
488 3247 793 3336 anpattrotyoenot
817 3247 984 3335 orpopeso
1008 3247 1162 3334 helyodyet
1185 3247 1344 3333 tdrpyaed
1368 3247 1451 3314 odo-¹

375 3361 492 3442 mosea
511 3355 636 3439 Otreos,
653 3353 799 3445 Gerpdy,
817 3358 850 3422 de
866 3353 1015 3422 mnae
1023 3353 1091 3437 fisi
1104 3357 1267 3421 ssdmdro.
1289 3354 1354 3419 127
1362 3357 1386 3422 3.

426 3552 596 3622 Elisabeth
611 3553 673 3621 Dei
690 3551 803 3636 grecie
817 3549 945 3636 Regina
960 3548 1128 3635 Hungorie
1144 3547 1307 3616 uniuersis
1328 3547 1451 3617 Christi
1568 3579 1572 3587 ·

313 3659 465 3738 fioelibus
504 3667 569 3730 tem
611 3658 816 3746 presentibus
847 3677 946 3743 quum
976 3655 1092 3725 futuris
1123 3673 1258 3742 presens
1290 3655 1450 3744 seriptum

314 3767 509 3856 inspecturis
524 3769 664 3836 salutem
679 3766 713 3833 iu
731 3764 849 3836 salutis
863 3764 1005 3835 omnium
1022 3763 1191 3852 largitore.
1207 3764 1253 3834 Ut
1269 3765 1449 3849 possessio

313 3893 373 3946 nes
389 3873 535 3944 fidelium
551 3873 697 3960 legitime
713 3871 843 3940 hubitos
859 3877 892 3940 et
908 3877 1058 3958 optentus
1072 3869 1244 3956 Reginsiis
1259 3866 1451 3954 benignitu-

312 3984 357 4052 tis
373 3983 486 4070 goede
501 4001 632 4050 suorum
648 3979 892 4068 priuilegiorum
908 3977 1092 4066 petrooinio
1107 3975 1234 4046 muniat
1264 3983 1297 4044 et
1328 3975 1444 4044 eonfit-

312 4095 389 4176 met,
404 4091 457 4159 ius
473 4088 590 4158 suadet
606 4095 638 4156 et
653 4085 732 4157 ordo
747 4085 935 4174 expostulet
951 4085 1104 4154 rooionis.
1144 4083 1195 4152 Ao
1211 4081 1443 4152 vniuersitntis

315 4200 428 4284 iterque
444 4203 553 4266 vestre
568 4193 723 4265 notieism
737 4199 848 4264 tenore
862 4192 1066 4280 presencium
1083 4191 1233 4270 uolumus
1247 4190 1442 4278 peruenire:

311 4304 401 4391 quod
415 4324 476 4374 nos
491 4303 588 4372 iustis
605 4301 824 4391 petioionibus
839 4298 998 4390 ononis,
1015 4297 1167 4386 Gregorij
1183 4297 1241 4384 filij
1259 4295 1396 4383 Beluoh,
1414 4303 1448 4366 et

311 4413 451 4485 filiorum
490 4412 598 4499 Seruo,
636 4417 740 4480 terres
777 4408 960 4479 tenentium
990 4408 1032 4478 de
1063 4407 1194 4494 Posogo
1217 4403 1447 4475 duorubilitor

312 4521 484 4605 inolinete,
502 4528 621 4590 terrum
638 4517 813 4608 Oryopoha
829 4522 979 4587 rossum
993 4517 1028 4586 in
1053 4514 1217 4588 Comitstu
1241 4513 1283 4583 de
1313 4513 1445 4597 Posogs

310 4629 515 4713 existentem,
553 4647 591 4697 oo
629 4627 701 4697 iure
739 4645 803 4714 quo
841 4633 988 4714 tempore
1026 4624 1158 4694 domiue
1196 4619 1300 4690 neris
1332 4635 1444 4690 soum

309 4741 419 4804 nostre
466 4736 520 4822 pie
559 4736 715 4806 memorie
754 4738 939 4822 tenuerunt,
980 4731 1103 4802 eisdem
1141 4720 1321 4802 seeundum
1359 4733 1445 4795 tono
