3096 5202
554 953 631 1022 tou

38 1146 225 1216 detorserat
240 1147 474 1240 ku'ptulounak
489 1149 760 1238 bizoopsdpleoete,
792 1153 877 1241 kopp
909 1153 1089 1241 Boqdoszld
1119 1157 1151 1220 ee
1210 1211 1215 1222 .

38 1255 130 1350 Pontou
159 1255 294 1345 Gorty-d
320 1258 557 1347 odrjobbdpyok
586 1261 698 1348 poripi
729 1259 994 1328 prosternentur
1025 1262 1153 1329 etodtctk

345 1363 462 1448 Jahrb,
479 1361 578 1452 Stopk
588 1367 717 1450 fidenate
736 1369 835 1436 1278.

130 1559 196 1627 Nos
212 1558 400 1644 Capitulum
417 1560 625 1630 Chnsmensis
642 1563 789 1632 Eoelesie
805 1570 915 1633 tenore
947 1566 1149 1649 presencium

35 1663 239 1748 tignidoamns
255 1669 429 1758 uniuersis,
445 1669 532 1756 quod
547 1671 734 1756 BogdonIon
749 1679 783 1739 ot
797 1673 907 1740 Ponsa
932 1671 989 1757 filij
1022 1673 1148 1740 Zouani

37 1779 151 1857 sparte
167 1795 238 1862 rna,
265 1777 313 1842 ab
328 1775 434 1844 altera
448 1782 556 1845 nutem
573 1777 716 1846 Joeobus
732 1777 819 1847 filius
834 1779 939 1866 Stepir
954 1777 1148 1864 iohagiones

40 1871 132 1948 (lustri
144 1882 182 1952 de
198 1881 307 1968 Garig
332 1904 439 1954 coram
472 1886 566 1953 nohis
596 1886 814 1972 personaliter
842 1884 1018 1972 constituti,
1048 1885 1149 1972 ijdem

37 1985 203 2073 Bogdontou
220 1997 252 2058 et
267 1993 380 2060 Pousa
396 2001 514 2060 terram
525 2014 633 2063 eorum
647 1995 875 2062 hereditariam
893 1995 926 2061 in
939 1993 1050 2082 (harig,
1062 1994 1146 2060 inter

32 2100 126 2163 terras
139 2095 238 2184 ipsius
255 2099 377 2169 Jacobi
393 2105 425 2168 et
440 2101 575 2168 fratrum
592 2121 734 2191 suornm,
748 2100 856 2187 Alexij
874 2099 931 2185 iitij
946 2099 1047 2190 Zouk,
1064 2101 1149 2185 Bog-

39 2195 104 2270 dni
118 2203 170 2290 iiij
186 2205 297 2291 Ztoik,
330 2215 362 2276 et
378 2207 536 2298 Stephani
552 2209 610 2300 fiiij
628 2209 786 2296 Stephani
812 2209 1016 2290 existentem,
1048 2209 1148 2294 ipsos,

44 2315 73 2376 rt
85 2310 224 2381 dixerunt
238 2315 455 2402 proportione
470 2318 720 2404 contingentem,
731 2315 873 2385 totaliter
888 2323 921 2384 ot
936 2316 1065 2383 omnino
1076 2337 1148 2384 oum

42 2414 149 2488 dutus
162 2423 280 2510 vineis,
299 2445 363 2492 rna
379 2425 533 2494 videlieet
557 2427 590 2492 in
623 2426 736 2493 eadem
768 2425 938 2510 existento,
971 2423 1041 2491 alia
1071 2442 1147 2492 vero

34 2516 124 2613 ¹¹snper
138 2535 220 2598 terra
235 2529 319 2598 dieti
335 2531 491 2620 Stephani
507 2535 693 2622 constituta,
709 2555 749 2602 ao
765 2533 914 2602 omnihus
931 2531 1007 2619 alijs
1024 2531 1148 2600 utilita-

43 2631 114 2700 tibus
127 2641 157 2703 et
172 2637 362 2722 attinenciis
378 2640 446 2707 suis
462 2639 600 2708 oontossi
618 2648 693 2709 sunt
705 2638 889 2709 uendidisse
901 2636 1004 2706 eidem
1015 2639 1151 2723 Jaoobo,

45 2737 228 2830 tuisquepor
243 2765 322 2813 enm
339 2742 522 2832 heredibus,
554 2769 611 2834 pro
628 2747 738 2814 dooem
764 2747 881 2814 mareis
913 2745 1011 2833 plene
1041 2765 1150 2814 oorsm

44 2850 119 2919 nohis
133 2855 275 2942 aoeeptis
289 2854 364 2939 jure
381 2847 536 2941 perpetuo
553 2855 783 2942 possidendam
795 2861 828 2922 ot
839 2852 1033 2922 hahendam.
1050 2851 1150 2921 Cuius

44 2961 110 3025 terre
123 2969 212 3048 mete,
227 2963 316 3030 siout
331 2962 426 3030 homo
443 2971 562 3051 noster,
589 2983 685 3048 quom
702 2961 746 3030 ad
764 2961 881 3030 tooiem
898 2959 1002 3048 ipsius
1017 2960 1149 3028 misera·

44 3081 109 3152 nus,
122 3068 209 3136 nohis
225 3069 387 3156 recitauit,
404 3069 606 3154 presentibus
623 3067 854 3138 commetaneis
871 3074 904 3134 et
919 3066 1035 3134 uioinis
1060 3067 1149 3152 paoi·

44 3171 90 3238 tu
102 3181 132 3242 et
145 3178 249 3260 quiete
267 3186 374 3246 ereata
389 3177 498 3246 taliter
514 3177 752 3264 distinguntur:
769 3174 929 3245 videlieet
944 3174 1049 3261 primu
1059 3182 1149 3244 meta

35 3277 138 3365 ,insipit
152 3305 173 3351 a
186 3293 281 3371 porte
297 3285 448 3354 orientali
463 3285 553 3353 iuxta
568 3292 687 3352 terram
713 3284 851 3352 fitiorum
876 3284 977 3365 Stepk
1009 3281 1148 3369 predicti

45 3386 180 3476 incapite
195 3393 293 3462 nnius
308 3392 394 3462 siooe
410 3394 531 3481 wellis,
563 3393 619 3460 ubi
651 3401 700 3462 ost
731 3399 819 3460 meta
849 3397 972 3475 terrea,
997 3389 1075 3459 indo
1104 3389 1148 3458 od

46 3495 116 3564 tium
129 3519 224 3586 osque
240 3501 421 3588 proeodens
437 3501 528 3570 uenit
544 3501 577 3567 in
595 3507 695 3587 eaput
711 3499 807 3568 valtis
822 3498 991 3568 Ztermeoh
1022 3507 1147 3589 uocato,

45 3603 91 3670 uhi
103 3614 147 3674 est
161 3618 246 3678 meta
262 3617 387 3697 terrea5
412 3609 488 3677 inde
503 3630 562 3695 per
578 3609 716 3677 eandem
734 3608 865 3676 uallem
882 3609 915 3674 in
940 3607 1011 3674 rino
1037 3627 1150 3694 prooe-

28 3709 111 3805 'dens
125 3715 252 3786 inferius
269 3719 337 3786 exit
351 3717 395 3786 ad
411 3739 508 3786 unum
526 3726 671 3804 puteum,
687 3718 741 3784 uhi
757 3723 807 3784 est
823 3723 910 3782 meta
927 3723 1055 3800 terroo3
1072 3714 1149 3783 indo

48 3823 172 3900 proredit
186 3826 279 3894 iuxta
294 3827 411 3894 siluam
427 3845 542 3894 uersus
558 3825 744 3911 meridiem3
768 3821 886 3893 deinde
901 3823 993 3890 iuxta
1017 3821 1148 3888 arbores

48 3921 92 3991 bii
106 3932 185 3998 uenit
200 3935 241 4001 ud
259 3941 377 4002 metam
394 3940 552 4016 terream
576 3933 652 4001 inde
669 3931 848 4020 procedens
875 3949 988 3999 uorsus
1020 3933 1147 4016 purtem

29 4033 204 4111 ‚occidentis
219 4041 372 4128 peruenit
386 4041 430 4110 ad
447 4041 545 4128 uiam,
576 4042 669 4109 iuxta
694 4061 791 4126 qoam
824 4045 874 4106 est
905 4047 991 4105 meta
1021 4043 1147 4119 terren;

48 4135 108 4206 inde
120 4141 233 4215 directe
248 4150 428 4234 prooedens
443 4151 579 4218 insenius
594 4149 683 4218 uadit
699 4148 734 4215 in
749 4145 879 4213 fluuium
897 4141 1013 4212 Diuioh
1024 4142 1147 4210 dietum

50 4261 247 4324 oonmetuneo
262 4263 396 4325 somnus
411 4257 557 4344 predioto
580 4257 698 4326 Alexio
730 4254 909 4338 existent03
931 4250 1007 4318 inde
1039 4267 1147 4336 proee-

38 4349 115 4431 .dens
127 4366 270 4447 superins
285 4364 354 4432 exit
370 4364 413 4432 ad
428 4365 560 4434 uallem
579 4361 740 4431 Kasnidol
756 4367 916 4444 uocatam,
942 4362 975 4424 in
992 4378 1058 4442 quo
1074 4377 1148 4444 pro·

31 4460 151 4533 eodem
165 4470 248 4538 uenit
262 4471 306 4538 ad
322 4477 422 4558 eaput
438 4471 583 4541 eiusdem
601 4469 698 4540 vallis
715 4469 758 4536 ad
774 4487 872 4536 unam
888 4465 986 4551 viam,
1018 4463 1051 4531 in
1082 4483 1149 4549 qua

28 4587 41 4661 '.'
53 4571 203 4649 tmeedeus
217 4599 331 4648 uersus
348 4577 547 4648 oeeidentem
563 4580 594 4646 in
612 4599 730 4665 magno
746 4577 856 4663 spnoio
872 4573 962 4644 uenit
977 4572 1020 4638 nd
1045 4572 1144 4638 aliurn

32 4769 34 4772 .
140 4709 236 4760 norw,
250 4716 332 4782 nono.
350 4717 419 4758 mor.
436 4725 480 4738 -
496 4717 568 4757 urna.
584 4715 650 4758 xrrr.
1001 4687 1039 4752 16
