3162 5200
892 361 1054 462 Q

402 573 478 622 mus
515 561 647 622 auotore
676 553 815 620 Domino
848 548 948 640 usqne
977 554 1022 621 ed
1054 555 1313 626 satisfactionem
1343 555 1525 644 oonoigmn'

407 660 645 730 inuiolabiliter
660 661 837 730 observari.
858 661 980 729 Datum
998 668 1034 731 ut
1051 681 1162 749 snpra.

514 769 562 835 In
604 767 787 837 eundem
825 767 991 836 modum
1031 767 1196 838 (lomiti
1234 777 1276 838 et
1312 769 1515 841 Communi

406 873 636 944 Ciuitatis
659 873 902 959 Rugusiue.

516 983 555 1050 In
571 1001 726 1070 suprema
741 987 803 1049 eto.
834 999 936 1066 usque
966 979 1149 1050 animarum
1172 987 1356 1050 vestrmnm
1387 984 1517 1055 bonorib-
1569 1034 1571 1047 .

402 1089 549 1158 oontiam
564 1090 709 1158 debitam
738 1087 947 1177 impendatis,
980 1090 1115 1174 eiusque
1137 1088 1323 1160 salubribus
1348 1098 1409 1160 eto.
1436 1111 1518 1178 usquo

405 1196 592 1282 gauduus.
614 1199 734 1269 Dolum
749 1204 786 1264 ut
801 1216 911 1283 snpra

512 1304 562 1371 In
585 1303 771 1373 eundem
795 1305 962 1373 modum
984 1303 1300 1390 suffraganeis
1322 1305 1513 1374 Euolesie

409 1407 651 1494 Bagusine.

518 1517 557 1584 ln
573 1538 727 1604 suprema
741 1523 803 1586 eto.
820 1537 923 1603 usqne
952 1517 1072 1588 deuote
1101 1517 1163 1588 sibi
1180 1527 1336 1604 tunquam
1356 1518 1519 1604 blotropoli·
1571 1558 1573 1563 κ

410 1631 493 1692 tano
509 1629 617 1692 restro
648 1624 846 1711 impendatis
877 1624 1092 1694 obedientiam
1121 1632 1182 1692 eto.
1214 1645 1317 1711 nsque
1346 1624 1521 1708 intendatis5

410 1732 459 1800 ite
474 1730 559 1815 quod
575 1739 686 1800 mutue
702 1731 849 1801 sanitatis
865 1732 975 1800 studio
989 1733 1083 1800 robis
1098 1739 1130 1802 et
1146 1732 1177 1800 ei
1192 1733 1328 1801 materia
1344 1733 1441 1802 libere
1461 1751 1534 1823 pre¹

405 1837 564 1925 spuendi
580 1839 760 1928 proueniat,
777 1847 811 1907 et
824 1839 957 1907 tandem
973 1842 1066 1925 paois
1081 1847 1191 1908 eterne
1206 1840 1360 1908 solatium
1380 1841 1520 1925 largiente

407 1946 548 2014 Domino
563 1945 751 2014 cumuletur.
791 1945 912 2012 Datum
928 1945 1066 2030 Viterbij
1084 1945 1185 2012 teroio
1212 1966 1317 2014 nonas
1348 1943 1520 2014 Decembris

412 2051 622 2122 Poulifioatus
637 2053 740 2120 nostri
756 2073 843 2121 anuo
858 2051 973 2138 primo.

613 2249 746 2314 (Parieti,
765 2249 913 2314 Illyricum
933 2249 1049 2303 ssorum
1067 2249 1115 2302 VI.
1128 2249 1189 2300 neu.
1213 2253 1271 2301 113.
1284 2250 1315 2312 1.)

842 2533 1110 2546 ffl—

942 3061 1015 3129 lol.

414 3263 593 3334 &olorem
609 3260 714 3328 Jakab
728 3260 877 3324 veleaeaei
900 3260 979 3346 done
1000 3260 1201 3347 faluaollitja
1232 3259 1387 3327 Misenus·
1416 3259 1528 3326 Morlot

417 3373 535 3438 osaeror'
548 3369 666 3456 qrofot,
688 3371 772 3452 boyy
787 3387 866 3430 naon
880 3367 1143 3450 leuotedotook,
1158 3365 1213 3434 kik
1228 3391 1269 3432 oz
1285 3369 1448 3435 osseroinlr
1462 3364 1530 3432 mut

506 3500 528 3542 a
543 3485 693 3561 teneoras
708 3473 949 3558 insusurrarent,
967 3473 1119 3560 ellqletelt
1135 3475 1346 3559 malebably’iiu.
1364 3477 1461 3543 1276.

521 3667 631 3737 Nobili
661 3675 693 3736 et
717 3666 858 3753 sapienti
888 3667 958 3734 viro
984 3667 1093 3735 Marco
1109 3667 1258 3736 bliobaeli
1274 3668 1393 3737 Oomiti
1416 3666 1531 3739 Absen'„

413 3776 556 3847 Jaoobus
571 3777 751 3843 Contereno
771 3775 832 3842 Dei
857 3773 964 3858 gratia
995 3773 1214 3862 Venetiarum,
1245 3775 1414 3845 Dalmatio
1443 3783 1533 3859 atque

413 3882 665 3969 Chrestianus,
682 3881 841 3949 Dominus
857 3880 979 3959 Quarto
995 3883 1103 3950 Partis
1118 3887 1151 3950 et
1166 3881 1307 3949 Dimidio
1323 3883 1430 3951 tonius
1440 3885 1534 3969 Impe

412 3995 454 4059 rii
466 3990 633 4077 Romanis,
649 3990 752 4058 nobili
768 3996 801 4057 et
816 3988 959 4074 sapienti
985 3989 1054 4056 viro
1086 3991 1194 4058 blaroo
1225 3989 1379 4058 Miohaeli
1410 3991 1453 4057 de
1481 4008 1531 4056 suo

414 4099 569 4166 mandato
601 4095 717 4164 Comiti
749 4095 870 4164 Abseri
900 4095 988 4162 fideli
1020 4095 1141 4163 dileoto
1158 4098 1295 4163 salutem
1312 4103 1345 4162 el
1361 4094 1537 4164 dilectionis

414 4205 577 4274 silentum.
609 4205 684 4272 Non
716 4204 789 4272 sino
820 4203 976 4287 gravibus
1008 4204 1149 4289 querelis
1179 4207 1362 4272 nostrorum
1401 4203 1537 4270 fidelium

412 4313 605 4380 Venetorum
638 4317 670 4378 et
685 4309 783 4380 etiam
816 4310 955 4378 aliorum
972 4331 1045 4378 oum
1062 4309 1159 4378 blado
1175 4309 1321 4378 Venetiis
1337 4310 1535 4379 venientium

411 4439 516 4506 nuper
531 4418 712 4503 didioimus,
730 4417 817 4503 quod
833 4436 905 4484 oum
920 4417 985 4504 ipsi
1001 4437 1074 4486 oum
1091 4418 1158 4486 suis
1172 4416 1273 4502 lignis
1289 4417 1389 4485 blado
1403 4423 1439 4487 et
1462 4417 1533 4484 aliis

411 4525 662 4596 mercationibus
677 4525 818 4593 oneratis
837 4545 896 4612 per
911 4532 1023 4612 partes
1039 4525 1116 4594 illas
1126 4525 1312 4612 transirent,
1328 4531 1397 4593 tam
1407 4525 1533 4592 dellur·

410 4631 489 4700 obis
504 4653 601 4718 quam
619 4631 660 4700 de
675 4632 750 4701 aliis
762 4633 913 4720 partibus
929 4635 1108 4718 uenientes,
1124 4633 1274 4702 homiues
1289 4633 1401 4702 Insula
1421 4632 1535 4700 Abseri
