<?xml version="1.0" encoding="UTF-8"?>
<!DOCTYPE html PUBLIC "-//W3C//DTD XHTML 1.0 Transitional//EN"
    "http://www.w3.org/TR/xhtml1/DTD/xhtml1-transitional.dtd">
<html xmlns="http://www.w3.org/1999/xhtml" xml:lang="en" lang="en">
 <head>
  <title>
</title>
<meta http-equiv="Content-Type" content="text/html;charset=utf-8" />
  <meta name='ocr-system' content='tesseract 3.04.00' />
  <meta name='ocr-capabilities' content='ocr_page ocr_carea ocr_par ocr_line ocrx_word'/>
</head>
<body>
  <div class='ocr_page' id='page_1' title='image "./codexdiplomatic00wenzgoog_0105.png"; bbox 0 0 3190 5190; ppageno 0'>
   <div class='ocr_carea' id='block_1_1' title="bbox 18 1209 1232 1386">
    <p class='ocr_par' dir='ltr' id='par_1_1' title="bbox 18 1209 1232 1386">
     <span class='ocr_line' id='line_1_1' title="bbox 18 1209 1232 1302; baseline 0.002 -26"><span class='ocrx_word' id='word_1_1' title='bbox 18 1231 20 1236; x_wconf 86' lang='lat'>·</span> <span class='ocrx_word' id='word_1_2' title='bbox 115 1210 141 1276; x_wconf 81' lang='grc' dir='ltr'><em>Δ</em></span> <span class='ocrx_word' id='word_1_3' title='bbox 149 1212 322 1300; x_wconf 71' lang='lat' dir='ltr'><strong>feliwdrc&#39;</strong></span> <span class='ocrx_word' id='word_1_4' title='bbox 338 1211 498 1302; x_wconf 68' lang='lat' dir='ltr'><strong>lapmian</strong></span> <span class='ocrx_word' id='word_1_5' title='bbox 514 1214 620 1297; x_wconf 69' lang='grc' dir='ltr'>όίίήα</span> <span class='ocrx_word' id='word_1_6' title='bbox 635 1235 656 1276; x_wconf 87' lang='lat' dir='ltr'><strong>a</strong></span> <span class='ocrx_word' id='word_1_7' title='bbox 671 1209 807 1297; x_wconf 67' lang='lat' dir='ltr'><strong>zdprdbs&#39;</strong></span> <span class='ocrx_word' id='word_1_8' title='bbox 822 1213 942 1300; x_wconf 61' lang='lat' dir='ltr'><strong>epyllia</strong></span> <span class='ocrx_word' id='word_1_9' title='bbox 961 1211 1232 1298; x_wconf 72' lang='lat' dir='ltr'><strong>privileqa&#39;nmait.</strong></span> 
     </span>
     <span class='ocr_line' id='line_1_2' title="bbox 620 1319 717 1386; baseline 0.021 -2"><span class='ocrx_word' id='word_1_10' title='bbox 620 1319 717 1386; x_wconf 76' lang='lat'><strong><em>12⁷2.</em></strong></span> 
     </span>
    </p>
   </div>
   <div class='ocr_carea' id='block_1_2' title="bbox 177 1513 1146 1581">
    <p class='ocr_par' dir='ltr' id='par_1_2' title="bbox 177 1513 1146 1581">
     <span class='ocr_line' id='line_1_3' title="bbox 177 1513 1146 1581; baseline -0.003 -13"><span class='ocrx_word' id='word_1_11' title='bbox 177 1515 337 1580; x_wconf 76' lang='lat' dir='ltr'><strong>(l&#39;lralcsies,</strong></span> <span class='ocrx_word' id='word_1_12' title='bbox 355 1516 481 1570; x_wconf 67' lang='lat' dir='ltr'><strong>Kanum.</strong></span> <span class='ocrx_word' id='word_1_13' title='bbox 499 1516 565 1567; x_wconf 81' lang='lat' dir='ltr'><strong>hist.</strong></span> <span class='ocrx_word' id='word_1_14' title='bbox 585 1515 677 1580; x_wconf 73' lang='lat' dir='ltr'><strong>Epiro.</strong></span> <span class='ocrx_word' id='word_1_15' title='bbox 696 1513 892 1581; x_wconf 72' lang='lat' dir='ltr'><strong>zograbiensis</strong></span> <span class='ocrx_word' id='word_1_16' title='bbox 912 1514 934 1566; x_wconf 78' lang='lat' dir='ltr'>L</span> <span class='ocrx_word' id='word_1_17' title='bbox 955 1515 1015 1566; x_wconf 72' lang='lat' dir='ltr'><strong>noe.</strong></span> <span class='ocrx_word' id='word_1_18' title='bbox 1037 1518 1096 1567; x_wconf 75' lang='lat'><strong>101.</strong></span> <span class='ocrx_word' id='word_1_19' title='bbox 1115 1515 1146 1579; x_wconf 92' lang='lat' dir='ltr'><strong>l.)</strong></span> 
     </span>
    </p>
   </div>
   <div class='ocr_carea' id='block_1_3' title="bbox 645 2331 699 2399">
    <p class='ocr_par' dir='ltr' id='par_1_3' title="bbox 645 2331 699 2399">
     <span class='ocr_line' id='line_1_4' title="bbox 645 2331 699 2399; baseline -0.037 0"><span class='ocrx_word' id='word_1_20' title='bbox 645 2331 699 2399; x_wconf 75' lang='lat' dir='ltr'><strong>ol.</strong></span> 
     </span>
    </p>
   </div>
   <div class='ocr_carea' id='block_1_4' title="bbox 109 2527 1236 2618">
    <p class='ocr_par' dir='ltr' id='par_1_4' title="bbox 109 2527 1236 2618">
     <span class='ocr_line' id='line_1_5' title="bbox 109 2527 1236 2618; baseline 0.003 -25"><span class='ocrx_word' id='word_1_21' title='bbox 109 2527 302 2616; x_wconf 67' lang='lat' dir='ltr'><strong>Apozaipai</strong></span> <span class='ocrx_word' id='word_1_22' title='bbox 315 2531 546 2618; x_wconf 75' lang='lat' dir='ltr'><strong>kdptalaanalt</strong></span> <span class='ocrx_word' id='word_1_23' title='bbox 563 2530 841 2618; x_wconf 69' lang='lat' dir='ltr'><strong>bizoapacplaoele,</strong></span> <span class='ocrx_word' id='word_1_24' title='bbox 866 2532 950 2616; x_wconf 73' lang='lat' dir='ltr'><strong>impp</strong></span> <span class='ocrx_word' id='word_1_25' title='bbox 966 2531 1088 2598; x_wconf 69' lang='lat' dir='ltr'><strong>Barim</strong></span> <span class='ocrx_word' id='word_1_26' title='bbox 1103 2529 1236 2598; x_wconf 71' lang='lat' dir='ltr'><strong>Manae</strong></span> 
     </span>
    </p>
   </div>
   <div class='ocr_carea' id='block_1_5' title="bbox 224 2637 1108 2727">
    <p class='ocr_par' dir='ltr' id='par_1_5' title="bbox 224 2637 1108 2727">
     <span class='ocr_line' id='line_1_6' title="bbox 224 2637 1108 2727; baseline -0.006 -23"><span class='ocrx_word' id='word_1_27' title='bbox 224 2637 361 2725; x_wconf 77' lang='lat' dir='ltr'><strong>utodjaa&#39;</strong></span> <span class='ocrx_word' id='word_1_28' title='bbox 375 2639 523 2726; x_wconf 76' lang='lat' dir='ltr'><strong>bizoayos</strong></span> <span class='ocrx_word' id='word_1_29' title='bbox 533 2661 628 2727; x_wconf 79' lang='lat' dir='ltr'><strong>pereo</strong></span> <span class='ocrx_word' id='word_1_30' title='bbox 643 2640 765 2725; x_wconf 79' lang='lat' dir='ltr'><strong>ilpyban</strong></span> <span class='ocrx_word' id='word_1_31' title='bbox 780 2637 988 2725; x_wconf 72' lang='lat' dir='ltr'><strong>epyazkedldc.</strong></span> <span class='ocrx_word' id='word_1_32' title='bbox 1012 2637 1108 2706; x_wconf 76' lang='lat'><strong><em>1272.</em></strong></span> 
     </span>
    </p>
   </div>
   <div class='ocr_carea' id='block_1_6' title="bbox 20 2829 1240 4750">
    <p class='ocr_par' dir='ltr' id='par_1_6' title="bbox 20 2829 1240 4750">
     <span class='ocr_line' id='line_1_7' title="bbox 190 2829 1232 2918; baseline -0.002 -21"><span class='ocrx_word' id='word_1_33' title='bbox 190 2831 388 2900; x_wconf 86' lang='lat' dir='ltr'><strong>Vniuersum</strong></span> <span class='ocrx_word' id='word_1_34' title='bbox 398 2831 582 2918; x_wconf 79' lang='lat' dir='ltr'><strong>Capitulum</strong></span> <span class='ocrx_word' id='word_1_35' title='bbox 593 2833 739 2902; x_wconf 80' lang='lat' dir='ltr'><strong>Ecclesie</strong></span> <span class='ocrx_word' id='word_1_36' title='bbox 748 2831 958 2900; x_wconf 82' lang='lat' dir='ltr'><strong>Sanotr&#39;Petri</strong></span> <span class='ocrx_word' id='word_1_37' title='bbox 968 2829 1010 2899; x_wconf 86' lang='lat' dir='ltr'><strong>de</strong></span> <span class='ocrx_word' id='word_1_38' title='bbox 1024 2830 1153 2915; x_wconf 79' lang='lat' dir='ltr'><strong>Posoga</strong></span> <span class='ocrx_word' id='word_1_39' title='bbox 1166 2849 1232 2897; x_wconf 91' lang='lat' dir='ltr'><strong>om-</strong></span> 
     </span>
     <span class='ocr_line' id='line_1_8' title="bbox 111 2937 1233 3026; baseline 0.002 -24"><span class='ocrx_word' id='word_1_40' title='bbox 111 2937 200 3006; x_wconf 88' lang='lat' dir='ltr'><strong>nibus</strong></span> <span class='ocrx_word' id='word_1_41' title='bbox 215 2939 339 3007; x_wconf 79' lang='lat' dir='ltr'><strong>Christi</strong></span> <span class='ocrx_word' id='word_1_42' title='bbox 356 2939 505 3008; x_wconf 86' lang='lat' dir='ltr'><strong>fidelibus</strong></span> <span class='ocrx_word' id='word_1_43' title='bbox 514 2947 698 3025; x_wconf 87' lang='lat' dir='ltr'><strong>presentem</strong></span> <span class='ocrx_word' id='word_1_44' title='bbox 707 2939 864 3026; x_wconf 79' lang='lat' dir='ltr'><strong>paginam</strong></span> <span class='ocrx_word' id='word_1_45' title='bbox 884 2938 1078 3026; x_wconf 85' lang='lat' dir='ltr'><strong>inspecturis</strong></span> <span class='ocrx_word' id='word_1_46' title='bbox 1094 2939 1233 3007; x_wconf 83' lang='lat' dir='ltr'><strong>salntem</strong></span> 
     </span>
     <span class='ocr_line' id='line_1_9' title="bbox 20 3043 1234 3132; baseline 0.002 -22"><span class='ocrx_word' id='word_1_47' title='bbox 20 3081 25 3090; x_wconf 95' lang='lat'>·</span> <span class='ocrx_word' id='word_1_48' title='bbox 110 3043 291 3114; x_wconf 86' lang='lat' dir='ltr'><strong>inomnium</strong></span> <span class='ocrx_word' id='word_1_49' title='bbox 307 3047 485 3116; x_wconf 78' lang='lat' dir='ltr'><strong>saluatore</strong></span> <span class='ocrx_word' id='word_1_50' title='bbox 500 3045 660 3125; x_wconf 85' lang='lat' dir='ltr'><strong>Quoniam</strong></span> <span class='ocrx_word' id='word_1_51' title='bbox 671 3048 782 3117; x_wconf 86' lang='lat' dir='ltr'><strong>labilis</strong></span> <span class='ocrx_word' id='word_1_52' title='bbox 800 3053 850 3115; x_wconf 87' lang='lat' dir='ltr'><strong>est</strong></span> <span class='ocrx_word' id='word_1_53' title='bbox 864 3045 1009 3114; x_wconf 89' lang='lat' dir='ltr'><strong>hnmana</strong></span> <span class='ocrx_word' id='word_1_54' title='bbox 1024 3045 1185 3132; x_wconf 86' lang='lat' dir='ltr'><strong>memoria,</strong></span> <span class='ocrx_word' id='word_1_55' title='bbox 1201 3051 1234 3113; x_wconf 84' lang='lat' dir='ltr'><strong>ot</strong></span> 
     </span>
     <span class='ocr_line' id='line_1_10' title="bbox 110 3137 1232 3238; baseline 0.004 -22"><span class='ocrx_word' id='word_1_56' title='bbox 110 3170 211 3218; x_wconf 90' lang='lat' dir='ltr'><strong>rernm</strong></span> <span class='ocrx_word' id='word_1_57' title='bbox 227 3154 323 3222; x_wconf 85' lang='lat' dir='ltr'>turbe</span> <span class='ocrx_word' id='word_1_58' title='bbox 339 3173 404 3220; x_wconf 94' lang='lat' dir='ltr'><strong>non</strong></span> <span class='ocrx_word' id='word_1_59' title='bbox 423 3152 562 3238; x_wconf 80' lang='lat' dir='ltr'><strong>sufficit3</strong></span> <span class='ocrx_word' id='word_1_60' title='bbox 596 3151 637 3220; x_wconf 92' lang='lat' dir='ltr'><strong>ob</strong></span> <span class='ocrx_word' id='word_1_61' title='bbox 652 3153 713 3222; x_wconf 91' lang='lat' dir='ltr'><strong>hoo</strong></span> <span class='ocrx_word' id='word_1_62' title='bbox 744 3137 833 3222; x_wconf 68' lang='lat' dir='ltr'><strong>meio</strong></span> <span class='ocrx_word' id='word_1_63' title='bbox 864 3159 968 3225; x_wconf 79' lang='lat' dir='ltr'><strong>meter</strong></span> <span class='ocrx_word' id='word_1_64' title='bbox 999 3151 1152 3236; x_wconf 79' lang='lat' dir='ltr'><strong>equitatis</strong></span> <span class='ocrx_word' id='word_1_65' title='bbox 1177 3152 1232 3220; x_wconf 81' lang='lat' dir='ltr'><strong>ed·</strong></span> 
     </span>
     <span class='ocr_line' id='line_1_11' title="bbox 108 3257 1234 3347; baseline 0.003 -26"><span class='ocrx_word' id='word_1_66' title='bbox 108 3257 234 3346; x_wconf 85' lang='lat' dir='ltr'><strong>inuenit,</strong></span> <span class='ocrx_word' id='word_1_67' title='bbox 257 3268 293 3329; x_wconf 86' lang='lat' dir='ltr'><strong>vt</strong></span> <span class='ocrx_word' id='word_1_68' title='bbox 309 3280 361 3327; x_wconf 89' lang='lat' dir='ltr'><strong>res</strong></span> <span class='ocrx_word' id='word_1_69' title='bbox 377 3268 470 3346; x_wconf 87' lang='lat' dir='ltr'><strong>gesto</strong></span> <span class='ocrx_word' id='word_1_70' title='bbox 484 3259 666 3329; x_wconf 87' lang='lat' dir='ltr'><strong>litterarum</strong></span> <span class='ocrx_word' id='word_1_71' title='bbox 683 3261 823 3331; x_wconf 87' lang='lat' dir='ltr'><strong>debeant</strong></span> <span class='ocrx_word' id='word_1_72' title='bbox 837 3260 1012 3331; x_wconf 84' lang='lat' dir='ltr'><strong>viuaoitale</strong></span> <span class='ocrx_word' id='word_1_73' title='bbox 1027 3259 1234 3347; x_wconf 85' lang='lat' dir='ltr'><strong>perhennari.</strong></span> 
     </span>
     <span class='ocr_line' id='line_1_12' title="bbox 108 3361 1234 3466; baseline 0.004 -35"><span class='ocrx_word' id='word_1_74' title='bbox 108 3361 188 3431; x_wconf 91' lang='lat' dir='ltr'><strong>Hinc</strong></span> <span class='ocrx_word' id='word_1_75' title='bbox 216 3374 276 3451; x_wconf 88' lang='lat' dir='ltr'><strong>est,</strong></span> <span class='ocrx_word' id='word_1_76' title='bbox 294 3367 381 3451; x_wconf 85' lang='lat' dir='ltr'><strong>qnod</strong></span> <span class='ocrx_word' id='word_1_77' title='bbox 412 3367 455 3435; x_wconf 79' lang='lat' dir='ltr'><strong>acl</strong></span> <span class='ocrx_word' id='word_1_78' title='bbox 470 3369 691 3466; x_wconf 71' lang='lat' dir='ltr'><strong>vnlnersornm</strong></span> <span class='ocrx_word' id='word_1_79' title='bbox 709 3368 863 3437; x_wconf 76' lang='lat' dir='ltr'><strong>noticiam</strong></span> <span class='ocrx_word' id='word_1_80' title='bbox 880 3368 1034 3438; x_wconf 81' lang='lat' dir='ltr'><strong>volumus</strong></span> <span class='ocrx_word' id='word_1_81' title='bbox 1053 3367 1234 3454; x_wconf 84' lang='lat' dir='ltr'><strong>peruenire,</strong></span> 
     </span>
     <span class='ocr_line' id='line_1_13' title="bbox 109 3473 1235 3564; baseline 0.001 -23"><span class='ocrx_word' id='word_1_82' title='bbox 109 3475 190 3556; x_wconf 85' lang='lat' dir='ltr'><strong>qnod</strong></span> <span class='ocrx_word' id='word_1_83' title='bbox 217 3473 389 3543; x_wconf 86' lang='lat' dir='ltr'><strong>constituti</strong></span> <span class='ocrx_word' id='word_1_84' title='bbox 419 3494 528 3544; x_wconf 83' lang='lat' dir='ltr'><strong>coram</strong></span> <span class='ocrx_word' id='word_1_85' title='bbox 559 3475 651 3543; x_wconf 91' lang='lat' dir='ltr'><strong>nobis</strong></span> <span class='ocrx_word' id='word_1_86' title='bbox 683 3476 809 3544; x_wconf 88' lang='lat' dir='ltr'><strong>nobiles</strong></span> <span class='ocrx_word' id='word_1_87' title='bbox 835 3474 898 3542; x_wconf 85' lang='lat' dir='ltr'><strong>viri</strong></span> <span class='ocrx_word' id='word_1_88' title='bbox 914 3474 956 3543; x_wconf 90' lang='lat' dir='ltr'><strong>de</strong></span> <span class='ocrx_word' id='word_1_89' title='bbox 970 3494 1089 3560; x_wconf 81' lang='lat' dir='ltr'><strong>genere</strong></span> <span class='ocrx_word' id='word_1_90' title='bbox 1105 3475 1235 3564; x_wconf 78' lang='lat' dir='ltr'><strong>Borycla</strong></span> 
     </span>
     <span class='ocr_line' id='line_1_14' title="bbox 108 3579 1233 3671; baseline 0.006 -26"><span class='ocrx_word' id='word_1_91' title='bbox 108 3579 194 3663; x_wconf 83' lang='lat' dir='ltr'><strong>Rani,</strong></span> <span class='ocrx_word' id='word_1_92' title='bbox 211 3580 372 3650; x_wconf 86' lang='lat' dir='ltr'><strong>videlicet</strong></span> <span class='ocrx_word' id='word_1_93' title='bbox 385 3583 536 3671; x_wconf 80' lang='lat' dir='ltr'><strong>Marozel,</strong></span> <span class='ocrx_word' id='word_1_94' title='bbox 552 3582 706 3670; x_wconf 81' lang='lat' dir='ltr'><strong>Michael,</strong></span> <span class='ocrx_word' id='word_1_95' title='bbox 723 3583 845 3671; x_wconf 82' lang='lat' dir='ltr'><strong>Wynen</strong></span> <span class='ocrx_word' id='word_1_96' title='bbox 862 3587 894 3650; x_wconf 91' lang='lat' dir='ltr'><strong>ot</strong></span> <span class='ocrx_word' id='word_1_97' title='bbox 914 3583 1040 3669; x_wconf 84' lang='lat' dir='ltr'><strong>Wydns</strong></span> <span class='ocrx_word' id='word_1_98' title='bbox 1055 3584 1115 3671; x_wconf 86' lang='lat' dir='ltr'><strong>filij</strong></span> <span class='ocrx_word' id='word_1_99' title='bbox 1133 3586 1233 3652; x_wconf 84' lang='lat' dir='ltr'><strong>Bena-</strong></span> 
     </span>
     <span class='ocr_line' id='line_1_15' title="bbox 109 3687 1234 3780; baseline 0.005 -26"><span class='ocrx_word' id='word_1_100' title='bbox 109 3687 184 3756; x_wconf 82' lang='lat' dir='ltr'><strong>dicti</strong></span> <span class='ocrx_word' id='word_1_101' title='bbox 198 3691 245 3759; x_wconf 87' lang='lat' dir='ltr'><strong>ab</strong></span> <span class='ocrx_word' id='word_1_102' title='bbox 259 3709 325 3759; x_wconf 77' lang='lat' dir='ltr'><strong>vna</strong></span> <span class='ocrx_word' id='word_1_103' title='bbox 339 3699 442 3780; x_wconf 89' lang='lat' dir='ltr'><strong>parte,</strong></span> <span class='ocrx_word' id='word_1_104' title='bbox 460 3699 493 3758; x_wconf 88' lang='lat' dir='ltr'><strong>et</strong></span> <span class='ocrx_word' id='word_1_105' title='bbox 518 3691 696 3777; x_wconf 78' lang='lat' dir='ltr'><strong>Berynlans</strong></span> <span class='ocrx_word' id='word_1_106' title='bbox 725 3691 810 3762; x_wconf 86' lang='lat' dir='ltr'><strong>lilius</strong></span> <span class='ocrx_word' id='word_1_107' title='bbox 841 3691 1016 3780; x_wconf 75' lang='lat' dir='ltr'><strong>Berpzlani</strong></span> <span class='ocrx_word' id='word_1_108' title='bbox 1048 3711 1088 3759; x_wconf 84' lang='lat' dir='ltr'><strong>ex</strong></span> <span class='ocrx_word' id='word_1_109' title='bbox 1119 3692 1234 3778; x_wconf 82' lang='lat' dir='ltr'><strong>altere,</strong></span> 
     </span>
     <span class='ocr_line' id='line_1_16' title="bbox 108 3795 1233 3894; baseline 0.003 -31"><span class='ocrx_word' id='word_1_110' title='bbox 108 3796 180 3865; x_wconf 86' lang='lat' dir='ltr'><strong>rina</strong></span> <span class='ocrx_word' id='word_1_111' title='bbox 205 3817 285 3866; x_wconf 81' lang='lat' dir='ltr'><strong>voce</strong></span> <span class='ocrx_word' id='word_1_112' title='bbox 304 3803 338 3868; x_wconf 89' lang='lat' dir='ltr'><strong>et</strong></span> <span class='ocrx_word' id='word_1_113' title='bbox 352 3797 519 3868; x_wconf 79' lang='lat' dir='ltr'><strong>amicabili</strong></span> <span class='ocrx_word' id='word_1_114' title='bbox 535 3798 749 3886; x_wconf 79' lang='lat' dir='ltr'><strong>personaliter</strong></span> <span class='ocrx_word' id='word_1_115' title='bbox 764 3797 970 3894; x_wconf 83' lang='lat' dir='ltr'><strong>affirmarunt</strong></span> <span class='ocrx_word' id='word_1_116' title='bbox 986 3822 994 3862; x_wconf 74' lang='grc' dir='ltr'>ι</span> <span class='ocrx_word' id='word_1_117' title='bbox 1012 3795 1106 3875; x_wconf 86' lang='lat' dir='ltr'><strong>Quod</strong></span> <span class='ocrx_word' id='word_1_118' title='bbox 1122 3815 1233 3881; x_wconf 84' lang='lat' dir='ltr'><strong>qnam·</strong></span> 
     </span>
     <span class='ocr_line' id='line_1_17' title="bbox 109 3903 1237 3995; baseline 0 -21"><span class='ocrx_word' id='word_1_119' title='bbox 109 3925 203 3987; x_wconf 82' lang='lat' dir='ltr'><strong>qnam</strong></span> <span class='ocrx_word' id='word_1_120' title='bbox 224 3906 282 3973; x_wconf 89' lang='lat' dir='ltr'><strong>diu</strong></span> <span class='ocrx_word' id='word_1_121' title='bbox 314 3914 346 3974; x_wconf 88' lang='lat' dir='ltr'><strong>el</strong></span> <span class='ocrx_word' id='word_1_122' title='bbox 378 3905 570 3975; x_wconf 77' lang='lat' dir='ltr'><strong>multociens</strong></span> <span class='ocrx_word' id='word_1_123' title='bbox 601 3925 698 3995; x_wconf 88' lang='lat' dir='ltr'><strong>snper</strong></span> <span class='ocrx_word' id='word_1_124' title='bbox 728 3907 887 3976; x_wconf 85' lang='lat' dir='ltr'><strong>diuisione</strong></span> <span class='ocrx_word' id='word_1_125' title='bbox 918 3907 1060 3993; x_wconf 88' lang='lat' dir='ltr'><strong>ipsorum</strong></span> <span class='ocrx_word' id='word_1_126' title='bbox 1090 3903 1237 3992; x_wconf 78' lang='lat' dir='ltr'><strong>generali</strong></span> 
     </span>
     <span class='ocr_line' id='line_1_18' title="bbox 108 4010 1237 4098; baseline 0.004 -22"><span class='ocrx_word' id='word_1_127' title='bbox 108 4010 181 4081; x_wconf 83' lang='lat' dir='ltr'><strong>lites</strong></span> <span class='ocrx_word' id='word_1_128' title='bbox 197 4020 232 4082; x_wconf 90' lang='lat' dir='ltr'><strong>et</strong></span> <span class='ocrx_word' id='word_1_129' title='bbox 262 4015 493 4084; x_wconf 84' lang='lat' dir='ltr'><strong>contenciones</strong></span> <span class='ocrx_word' id='word_1_130' title='bbox 525 4015 559 4081; x_wconf 93' lang='lat' dir='ltr'><strong>in</strong></span> <span class='ocrx_word' id='word_1_131' title='bbox 590 4019 766 4082; x_wconf 87' lang='lat' dir='ltr'><strong>aterutrum</strong></span> <span class='ocrx_word' id='word_1_132' title='bbox 798 4033 908 4083; x_wconf 84' lang='lat' dir='ltr'><strong>coram</strong></span> <span class='ocrx_word' id='word_1_133' title='bbox 939 4013 1068 4081; x_wconf 85' lang='lat' dir='ltr'><strong>domino</strong></span> <span class='ocrx_word' id='word_1_134' title='bbox 1099 4014 1189 4098; x_wconf 79' lang='lat' dir='ltr'><strong>Rege</strong></span> <span class='ocrx_word' id='word_1_135' title='bbox 1203 4020 1237 4083; x_wconf 88' lang='lat' dir='ltr'><strong>et</strong></span> 
     </span>
     <span class='ocr_line' id='line_1_19' title="bbox 110 4119 1233 4210; baseline 0.004 -23"><span class='ocrx_word' id='word_1_136' title='bbox 110 4119 248 4191; x_wconf 83' lang='lat' dir='ltr'><strong>diuersis</strong></span> <span class='ocrx_word' id='word_1_137' title='bbox 262 4121 436 4192; x_wconf 82' lang='lat' dir='ltr'><strong>Junioibm</strong></span> <span class='ocrx_word' id='word_1_138' title='bbox 451 4124 559 4210; x_wconf 82' lang='lat' dir='ltr'><strong>Regni</strong></span> <span class='ocrx_word' id='word_1_139' title='bbox 590 4123 728 4193; x_wconf 84' lang='lat' dir='ltr'><strong>inissent</strong></span> <span class='ocrx_word' id='word_1_140' title='bbox 757 4125 935 4209; x_wconf 82' lang='lat' dir='ltr'><strong>ventilate;</strong></span> <span class='ocrx_word' id='word_1_141' title='bbox 960 4121 1092 4191; x_wconf 84' lang='lat' dir='ltr'><strong>landem</strong></span> <span class='ocrx_word' id='word_1_142' title='bbox 1123 4121 1233 4209; x_wconf 78' lang='lat' dir='ltr'><strong>probis</strong></span> 
     </span>
     <span class='ocr_line' id='line_1_20' title="bbox 109 4227 1236 4318; baseline 0.002 -22"><span class='ocrx_word' id='word_1_143' title='bbox 109 4228 184 4296; x_wconf 78' lang='lat' dir='ltr'><strong>viris</strong></span> <span class='ocrx_word' id='word_1_144' title='bbox 201 4235 235 4296; x_wconf 85' lang='lat' dir='ltr'><strong>et</strong></span> <span class='ocrx_word' id='word_1_145' title='bbox 249 4227 376 4298; x_wconf 79' lang='lat' dir='ltr'><strong>idoneis</strong></span> <span class='ocrx_word' id='word_1_146' title='bbox 391 4229 478 4299; x_wconf 89' lang='lat' dir='ltr'><strong>inter</strong></span> <span class='ocrx_word' id='word_1_147' title='bbox 492 4230 581 4317; x_wconf 84' lang='lat' dir='ltr'><strong>ipsos</strong></span> <span class='ocrx_word' id='word_1_148' title='bbox 597 4251 712 4318; x_wconf 85' lang='lat' dir='ltr'><strong>paoem</strong></span> <span class='ocrx_word' id='word_1_149' title='bbox 727 4238 759 4301; x_wconf 90' lang='lat' dir='ltr'><strong>et</strong></span> <span class='ocrx_word' id='word_1_150' title='bbox 775 4230 1048 4318; x_wconf 84' lang='lat' dir='ltr'><strong>composicionem</strong></span> <span class='ocrx_word' id='word_1_151' title='bbox 1068 4229 1110 4296; x_wconf 91' lang='lat' dir='ltr'><strong>de</strong></span> <span class='ocrx_word' id='word_1_152' title='bbox 1126 4230 1236 4298; x_wconf 85' lang='lat' dir='ltr'><strong>volun·</strong></span> 
     </span>
     <span class='ocr_line' id='line_1_21' title="bbox 109 4335 1234 4424; baseline 0 -23"><span class='ocrx_word' id='word_1_153' title='bbox 109 4342 173 4402; x_wconf 89' lang='lat' dir='ltr'><strong>tate</strong></span> <span class='ocrx_word' id='word_1_154' title='bbox 205 4335 353 4420; x_wconf 84' lang='lat' dir='ltr'><strong>parcium</strong></span> <span class='ocrx_word' id='word_1_155' title='bbox 384 4338 450 4404; x_wconf 87' lang='lat' dir='ltr'><strong>iam</strong></span> <span class='ocrx_word' id='word_1_156' title='bbox 481 4335 641 4407; x_wconf 85' lang='lat' dir='ltr'><strong>dictarum</strong></span> <span class='ocrx_word' id='word_1_157' title='bbox 670 4338 874 4424; x_wconf 85' lang='lat' dir='ltr'><strong>iacientibus,</strong></span> <span class='ocrx_word' id='word_1_158' title='bbox 899 4336 1024 4407; x_wconf 88' lang='lat' dir='ltr'><strong>scilicet</strong></span> <span class='ocrx_word' id='word_1_159' title='bbox 1054 4335 1143 4404; x_wconf 90' lang='lat' dir='ltr'><strong>Petri</strong></span> <span class='ocrx_word' id='word_1_160' title='bbox 1174 4335 1234 4423; x_wconf 87' lang='lat' dir='ltr'><strong>filij</strong></span> 
     </span>
     <span class='ocr_line' id='line_1_22' title="bbox 111 4439 1237 4536; baseline 0.003 -28"><span class='ocrx_word' id='word_1_161' title='bbox 111 4439 264 4530; x_wconf 85' lang='lat' dir='ltr'><strong>Otholyn,</strong></span> <span class='ocrx_word' id='word_1_162' title='bbox 279 4441 441 4513; x_wconf 76' lang='lat' dir='ltr'><strong>iohannis</strong></span> <span class='ocrx_word' id='word_1_163' title='bbox 465 4442 577 4514; x_wconf 80' lang='lat' dir='ltr'><strong>fratris</strong></span> <span class='ocrx_word' id='word_1_164' title='bbox 609 4447 768 4536; x_wconf 83' lang='lat' dir='ltr'><strong>eiusdem,</strong></span> <span class='ocrx_word' id='word_1_165' title='bbox 798 4446 928 4532; x_wconf 80' lang='lat' dir='ltr'><strong>Georgij</strong></span> <span class='ocrx_word' id='word_1_166' title='bbox 960 4443 1016 4531; x_wconf 76' lang='lat' dir='ltr'><strong>filij</strong></span> <span class='ocrx_word' id='word_1_167' title='bbox 1049 4443 1237 4532; x_wconf 78' lang='lat' dir='ltr'><strong>Mutimerij,</strong></span> 
     </span>
     <span class='ocr_line' id='line_1_23' title="bbox 110 4547 1235 4642; baseline 0.001 -26"><span class='ocrx_word' id='word_1_168' title='bbox 110 4547 238 4618; x_wconf 82' lang='lat' dir='ltr'><strong>Nicolai</strong></span> <span class='ocrx_word' id='word_1_169' title='bbox 269 4551 327 4635; x_wconf 82' lang='lat' dir='ltr'><strong>filij</strong></span> <span class='ocrx_word' id='word_1_170' title='bbox 360 4553 582 4642; x_wconf 85' lang='lat' dir='ltr'><strong>Deecysclow,</strong></span> <span class='ocrx_word' id='word_1_171' title='bbox 611 4551 752 4622; x_wconf 85' lang='lat' dir='ltr'><strong>Simonis</strong></span> <span class='ocrx_word' id='word_1_172' title='bbox 783 4553 842 4640; x_wconf 89' lang='lat' dir='ltr'><strong>filij</strong></span> <span class='ocrx_word' id='word_1_173' title='bbox 878 4553 1021 4640; x_wconf 81' lang='lat' dir='ltr'><strong>Gyrizlo,</strong></span> <span class='ocrx_word' id='word_1_174' title='bbox 1053 4551 1147 4622; x_wconf 85' lang='lat' dir='ltr'><strong>Pauli</strong></span> <span class='ocrx_word' id='word_1_175' title='bbox 1177 4551 1235 4640; x_wconf 87' lang='lat' dir='ltr'><strong>filij</strong></span> 
     </span>
     <span class='ocr_line' id='line_1_24' title="bbox 111 4655 1240 4750; baseline 0.004 -29"><span class='ocrx_word' id='word_1_176' title='bbox 111 4655 248 4748; x_wconf 76' lang='lat' dir='ltr'><strong>Boryho,</strong></span> <span class='ocrx_word' id='word_1_177' title='bbox 266 4656 414 4745; x_wconf 79' lang='lat' dir='ltr'><strong>Gregorij</strong></span> <span class='ocrx_word' id='word_1_178' title='bbox 430 4658 489 4745; x_wconf 92' lang='lat' dir='ltr'><strong>lilij</strong></span> <span class='ocrx_word' id='word_1_179' title='bbox 507 4659 639 4747; x_wconf 84' lang='lat' dir='ltr'><strong>Zawda,</strong></span> <span class='ocrx_word' id='word_1_180' title='bbox 655 4659 813 4748; x_wconf 84' lang='lat' dir='ltr'><strong>Stephani</strong></span> <span class='ocrx_word' id='word_1_181' title='bbox 828 4659 886 4748; x_wconf 89' lang='lat' dir='ltr'><strong>filij</strong></span> <span class='ocrx_word' id='word_1_182' title='bbox 903 4658 1027 4746; x_wconf 81' lang='lat' dir='ltr'><strong>Jacovr,</strong></span> <span class='ocrx_word' id='word_1_183' title='bbox 1044 4656 1240 4750; x_wconf 77' lang='lat' dir='ltr'><strong>Syrgerardi</strong></span> 
     </span>
    </p>
   </div>
   <div class='ocr_carea' id='block_1_7' title="bbox 0 0 1606 5190">
    <p class='ocr_par' dir='ltr' id='par_1_7' title="bbox 0 0 1606 5190">
     <span class='ocr_line' id='line_1_25' title="bbox 0 0 1606 5190; baseline 0 0"><span class='ocrx_word' id='word_1_184' title='bbox 0 0 1606 5190; x_wconf 95' lang='lat' dir='ltr'><strong> </strong></span> 
     </span>
    </p>
   </div>
  </div>
 </body>
</html>
