3162 5200
590 319 750 414 „ror—

123 514 261 581 vidclicet
290 511 402 582 Jacobi
433 512 617 597 iobagionis
642 511 759 600 Casiri,
776 517 808 579 ct
824 521 943 580 terram
970 515 1230 602 sauctifcrorum,

9 629 14 692 Γ
47 641 49 647 ’
121 643 230 689 vacuas
260 623 387 706 penitus
403 628 436 688 et
467 623 702 689 habitatoribus
733 622 915 708 destitutas,
943 629 974 690 et
1006 624 1091 706 quod
1122 624 1232 692 eedem
1309 633 1310 638 ’

9 745 11 796 t
120 739 217 797 nostre
248 730 419 796 collacioni
452 731 660 813 pertinerent.
687 730 777 808 Quas
795 731 981 797 conuocatis
1003 734 1233 800 commetanois
1356 821 1358 826 Ι

119 839 254 906 omuibus
280 847 310 905 et
341 840 515 925 vicinis,et
546 840 790 923 presencialiter
821 840 1091 924 comparentibus,
1117 837 1232 906 (lomes

117 946 279 1014 Ladizlaus
295 947 505 1030 filiungrini
516 946 610 1014 homo
626 953 736 1014 noster
752 954 901 1031 presente
918 948 1100 1015 testimonio
1118 969 1232 1014 coruu-

117 1055 181 1121 dem
196 1057 361 1122 statuisset
378 1060 410 1121 et
425 1056 627 1139 assignasset
643 1055 807 1140 sepedicto
824 1054 978 1138 Magistro
995 1053 1124 1120 Andros
1141 1057 1232 1122 nullo

115 1161 339 1230 contradictore
355 1163 485 1248 penitus
501 1169 687 1247 apparente.
704 1163 745 1226 Mt
761 1162 837 1245 quia
857 1161 953 1229 (lictis
971 1169 1001 1227 et
1012 1163 1230 1248 peticionibus

9 1273 11 1326 ἒ
115 1270 205 1354 ipsius
218 1269 368 1354 Magistri
393 1269 521 1336 Andree
554 1269 675 1337 ueritas
707 1267 882 1351 suffragari
917 1266 1085 1335 uidebatur
1101 1271 1135 1337 iu
1170 1273 1231 1338 bac

115 1383 195 1460 parte
213 1400 220 1441 :
237 1399 295 1444 uos
329 1379 383 1462 qui
414 1397 454 1443 en
480 1377 586 1444 cilicio
613 1377 754 1464 suscepti
771 1377 937 1462 regiminis
954 1378 1058 1444 metiri
1076 1378 1231 1446 debemus

116 1487 217 1552 merita
233 1485 447 1571 singulorum,
464 1493 495 1552 et
513 1483 685 1569 unicuique
711 1486 802 1551 iuxta
835 1485 983 1553 meritum
1014 1486 1231 1573 respondere3

9 1605 12 1634 ³
114 1592 316 1660 consideratis
348 1594 522 1678 meritoriJs
553 1593 701 1677 seruioijs
718 1600 750 1660 et
766 1593 967 1676 obsequiosis
988 1595 1111 1661 meritis
1127 1595 1231 1680 ipsius

9 1703 11 1728 ¹
113 1703 248 1784 Magistri
265 1701 409 1786 Andr-ee,
425 1721 488 1784 que
504 1699 590 1774 idem
607 1707 751 1787 temporo
785 1701 908 1769 domini
940 1701 1098 1787 Stephani
1130 1701 1232 1769 felicis

9 1873 11 1888 ,
112 1807 339 1877 recordacionis
357 1809 499 1877 illustris
514 1809 614 1894 Regis
632 1810 810 1895 Huugarie,
827 1809 990 1876 karissimi
1008 1809 1110 1894 patris
1119 1811 1230 1894 nostri,

113 1925 214 1985 contra
229 1919 373 1986 insultus
389 1919 488 2004 Regis
504 1919 694 1988 Boemorum
709 1918 833 1985 inimici
849 1918 952 1986 nostri
968 1917 1121 2003 capitalis
1146 1918 1229 1986 inter

9 2031 12 2062 ²
112 2027 225 2096 Robora
242 2035 274 2094 et
301 2027 465 2113 Repchem
482 2027 620 2094 uiriliter
636 2025 822 2093 dimicando
840 2047 910 2092 cum
927 2026 1084 2093 effusione
1100 2028 1230 2110 saugui-

9 2103 13 2222 ξ
113 2137 219 2202 nissui
235 2135 378 2202 fideliter
403 2134 570 2220 inpendit;
595 2139 735 2202 ceterum
768 2154 840 2201 cum
873 2141 1014 2202 castrum
1046 2135 1228 2221 Jauricnao,

9 2225 11 2248 ‘
110 2242 185 2326 quod
201 2263 257 2328 per
282 2244 432 2310 homines
447 2243 548 2327 Regis
568 2243 771 2326 Boemorum,
790 2243 913 2327 treugis
930 2243 1013 2309 iuter
1028 2263 1088 2310 nos
1106 2250 1136 2309 et
1152 2263 1227 2308 euu-

109 2351 173 2416 dem
189 2353 312 2436 Regem
330 2348 579 2437 perdurantibus
591 2349 694 2417 fracto
706 2352 887 2418 iuramento
905 2351 1062 2416 clamoulo
1080 2350 1230 2417 extiterat

109 2467 304 2544 occupatum,
337 2458 527 2525 fecissemus
557 2459 750 2544 expugnari,
779 2456 867 2524 idem
899 2457 1053 2540 Magister
1078 2456 1227 2552 Andreas

107 2569 242 2653 snbipso
260 2575 371 2634 castro
387 2587 445 2652 per
469 2565 710 2651 percussionem
742 2564 885 2650 lapidum
919 2565 1090 2633 crudeliter
1123 2565 1231 2630 extitit

108 2677 298 2762 uulneratus,
330 2674 414 2741 sicut
430 2675 464 2740 id
482 2675 576 2742 uobis
596 2694 654 2760 per
671 2675 814 2742 Berones
834 2680 960 2741 nostros
978 2675 1084 2760 patuit
1099 2672 1230 2740 euiden-

108 2789 170 2867 tcr3
191 2803 289 2867 porro
323 2780 408 2866 quod
440 2782 517 2866 quia
548 2781 715 2849 Jobanucs
756 2782 857 2848 trater
900 2781 1044 2850 eiusdem
1084 2782 1229 2866 Magistri

107 2889 225 2958 Andree
257 2911 318 2975 pro
334 2890 510 2958 sedulitate
526 2891 619 2956 uobis
635 2897 666 2958 et
686 2891 798 2972 Regno
818 2889 1037 2975 impendenda
1058 2908 1229 2974 personam

109 3017 191 3065 suam
209 2999 338 3066 fortune
355 2997 486 3064 casibus
502 2999 691 3066 submittere
709 3017 773 3064 uou
792 2995 934 3082 expauit,
952 2996 984 3061 in
1002 3015 1080 3061 area
1113 2995 1229 3063 bellice

107 3107 182 3172 aciei
211 3105 352 3172 viriliter
384 3104 567 3172 dimicando
599 3125 657 3192 per
672 3107 863 3172 Tectouicos
895 3104 1001 3171 extitit
1018 3104 1227 3188 captiuatos:

106 3211 258 3295 predictas
274 3221 391 3300 terras,
407 3214 515 3300 Peaye
530 3213 691 3297 videlicet,
709 3219 741 3280 et
762 3221 881 3279 terram
907 3211 1020 3279 Jacobi
1044 3212 1229 3295 iobagiouis

9 3323 11 3400 t
107 3319 203 3386 Casiri
219 3321 503 3414 Symigiensiqut
519 3321 733 3406 premisimus,
761 3321 830 3387 sine
847 3319 967 3388 herede
983 3317 1180 3405 decedentis,
1189 3338 1229 3384 ac

9 3479 10 3498 r
106 3433 214 3495 terram
230 3429 481 3496 sanctiferorum
512 3435 709 3516 nostrorum,
739 3429 815 3496 licet
846 3449 903 3514 pro
933 3427 1229 3514 reconpensatione

105 3536 306 3604 seruiciornm
341 3555 469 3602 suorum
502 3538 596 3622 plura
628 3542 815 3622 mereretur,
846 3538 880 3602 in
912 3535 1087 3619 aliqualem
1119 3545 1228 3602 tamen

9 3641 11 3724 ζ
106 3645 407 3728 remuneraciouem,
425 3664 496 3710 cum
513 3644 660 3711 omnibus
677 3645 888 3732 pertinencijs
901 3645 980 3727 suis,
997 3642 1107 3726 vineis,
1127 3643 1217 3709 siluis

9 3749 11 3798 ἰ
107 3748 223 3837 tenetis,
255 3759 288 3819 et
304 3751 497 3819 utilitatibus
531 3753 702 3838 uniuersis,
736 3753 795 3819 sub
813 3751 934 3820 eisdem
950 3749 1045 3816 metis
1065 3751 1228 3817 veteribus

107 3863 135 3922 ot
151 3859 291 3944 antiquis
323 3861 480 3946 terminis,
509 3861 542 3927 iu
576 3863 693 3944 quibus
724 3862 845 3947 priores
882 3877 1086 3946 possessores
1117 3877 1228 3922 earum

105 3973 207 4035 tenere
223 3969 479 4036 dinoscebantur
497 3973 529 4035 et
544 3966 722 4054 possidere,
735 3975 905 4055 prenotato
917 3967 1072 4049 Magistro
1086 3963 1224 4046 Audree,

9 4087 10 4170 ἐ
106 4081 134 4140 ct
148 4095 202 4158 per
219 4097 290 4144 eum
307 4078 374 4144 suis
395 4074 572 4144 heredibus
594 4074 811 4159 heredumque
828 4093 954 4140 suorum
988 4070 1229 4139 successoribus

9 4185 11 4272 ξ
105 4192 252 4266 perpetuo
269 4191 300 4250 et
326 4183 586 4253 irreuooabiliter
602 4181 751 4249 duximus
772 4179 997 4248 conferendas.
1014 4179 1052 4242 Iu
1070 4178 1160 4244 ouius
1178 4177 1225 4243 rei

9 4287 11 4324 ⁵
107 4291 285 4358 memoriam
301 4293 551 4374 firmitatemque
566 4295 757 4376 perpetuam
775 4295 943 4374 presentes
960 4285 1063 4354 eidem
1096 4303 1225 4350 conoes-

9 4389 13 4436 f·
107 4397 198 4466 simus
228 4399 355 4466 litteras
387 4399 551 4486 dupplicis
581 4397 680 4482 sigilli
712 4399 811 4464 nostri
844 4397 1019 4463 moruimine
1042 4394 1223 4460 roboratas.

9 4573 12 4600 ᾖ
107 4505 219 4572 Datum
241 4529 298 4592 per
317 4527 433 4574 manus
465 4506 616 4589 Magistri
650 4505 814 4572 Benedicti
845 4504 964 4572 Sancte
995 4499 1228 4584 strigoniensis

9 4687 12 4710 ἵ
110 4611 247 4682 Ecclesia
277 4616 393 4704 Electi,
410 4613 569 4701 Propositi
592 4614 770 4698 -Budensis,
787 4615 870 4680 Aule
886 4620 996 4682 nostre
1014 4607 1226 4677 ViceCancel-
