3162 5200
615 320 775 459 Q
873 341 876 352 ,

7 537 20 604 ³¹
120 575 194 621 rum
209 551 372 624 metarum
387 555 422 621 in
437 555 518 640 ipsis
535 553 652 622 litteris
667 525 872 637 Prooeptoris
898 559 932 620 et
962 551 1155 618 arbitrorum
1186 568 1259 636 pre

123 659 290 729 dictorum
308 663 448 730 vidimus
463 659 632 746 contineri,
656 661 739 728 siout
755 659 859 728 seiam
876 659 1020 747 predicte
1034 665 1146 745 partes
1162 656 1258 724 nobis

7 793 8 796 ¹
124 770 310 836 retulerunt
324 770 403 836 uiua
417 787 500 836 uooe
514 794 522 836 r
537 766 648 834 Prima
662 777 751 835 metu
767 765 882 853 insipit
897 785 919 833 n
934 771 1027 852 perte
1053 762 1205 832 orientali
1235 785 1257 830 a

7 903 10 972 ᾗ
121 874 270 958 quodam
285 875 399 962 fluuio,
429 875 484 943 ubi
501 875 657 944 suntdne
670 883 758 942 mete
773 881 890 960 terreo,
920 874 1107 955 inquorum
1124 891 1191 940 una
1206 876 1258 938 est

7 996 9 1015 ¹
124 981 312 1070 gynbukur,
342 983 390 1051 ita
406 983 567 1071 videlieet,
591 984 677 1069 quod
707 989 796 1052 terro
826 987 970 1067 aparte
1000 977 1257 1066 septemtrionali

85 1105 97 1113 ·
120 1087 282 1157 adiaeens
299 1090 451 1159 sensisset
466 1091 645 1179 Dominieo,
662 1090 821 1176 Dyonisio
836 1093 870 1156 et
884 1089 989 1157 Paulo
1004 1087 1169 1174 predictis,
1186 1085 1256 1154 elia

7 1181 9 1192 ’
128 1215 205 1263 uero
220 1205 321 1282 parte
336 1217 358 1265 n
380 1205 475 1284 perte
490 1197 695 1266 meridionali
710 1195 870 1265 existente
885 1199 1074 1264 remanente
1088 1193 1195 1263 Poura
1225 1197 1258 1260 et

123 1303 230 1372 Panlo
245 1304 455 1391 memoratis;
472 1304 591 1373 deinde
607 1309 696 1372 reete
710 1299 916 1388 prosedendo
931 1323 1043 1370 uersus
1055 1301 1256 1371 oeoidentem

124 1408 216 1477 uadit
230 1411 275 1478 ad
292 1432 394 1478 unam
409 1411 560 1480 arborem
576 1412 679 1498 nnsis,
696 1411 756 1480 sub
772 1430 838 1495 qna
853 1415 928 1478 sunt
944 1409 1007 1476 due
1021 1417 1106 1477 mete
1130 1415 1254 1492 terree;

7 1531 10 1622 j
122 1517 244 1586 deinde
258 1528 352 1588 reete
367 1520 574 1605 prosedendo
590 1521 625 1587 in
641 1519 755 1588 eodem
772 1537 932 1604 gyamege
964 1517 1054 1584 uenit
1084 1516 1127 1583 ad
1157 1517 1257 1603 uiam,

7 1629 9 1670 ἓ
124 1644 187 1708 qua
206 1625 304 1694 uadit
321 1627 365 1694 ad
380 1626 494 1694 uillam
510 1627 579 1714 Isip
596 1626 637 1694 da
652 1627 754 1712 Bure,
771 1626 864 1692 iuxta
879 1644 976 1709 qnam
991 1625 1079 1691 uiam
1095 1631 1169 1690 sunt
1194 1624 1258 1692 dne

7 1709 9 1796 ζ
99 1825 102 1830 Ι
121 1740 207 1801 mete
222 1740 352 1822 terrse;
376 1735 498 1802 abbino
514 1733 719 1821 prosedendo
735 1735 826 1801 uenit
839 1734 884 1800 ad
901 1733 981 1800 duos
998 1741 1111 1820 metae,
1129 1733 1163 1798 in
1181 1751 1259 1814 qua-

125 1861 192 1908 rum
209 1861 275 1908 vua
294 1851 345 1909 est
360 1842 687 1930 dymnlohyubnkur3
711 1843 788 1909 hino
803 1842 893 1909 uenit
909 1841 952 1909 ad
969 1839 1052 1908 duas
1076 1848 1189 1924 metas,
1221 1841 1254 1907 in

7 1945 11 2038 }
124 1968 260 2032 quarum
278 1970 348 2017 uua
362 1955 411 2018 est
422 1951 523 2017 arbor
538 1951 645 2036 pomi3
670 1948 789 2016 exinde
805 1955 893 2016 reete
909 1945 1115 2032 prosedendo
1142 1967 1255 2014 uersus

7 2053 11 2146 p
96 2041 98 2044 ’
129 2055 334 2122 oooidentem
351 2055 441 2123 uenit
457 2057 501 2124 ad
517 2075 672 2142 magnam
688 2057 786 2142 uiam,
818 2055 937 2138 quode
968 2056 1061 2122 Bora
1090 2055 1184 2121 uadit
1214 2055 1257 2120 ed

7 2205 9 2250 †
124 2163 237 2229 uillam
254 2163 390 2249 Bogud,
407 2165 462 2230 ubi
478 2170 555 2230 sunt
579 2161 642 2229 due
673 2170 759 2229 mete
789 2169 893 2229 terreo
924 2164 1116 2246 angularem
1141 2161 1257 2230 deiude

126 2281 210 2336 reete
226 2270 440 2354 prosedendo
455 2270 498 2337 ad
514 2275 641 2355 partem
656 2268 897 2338 meridionalem
912 2270 1003 2336 uenit
1018 2267 1063 2335 ad
1078 2268 1159 2336 duas
1192 2289 1257 2338 me·

7 2369 10 2458 {
129 2382 178 2444 tas
193 2384 323 2444 terreas
341 2385 468 2444 ueteres
483 2385 515 2443 et
530 2379 695 2463 antiquas,
712 2397 776 2461 que
792 2381 946 2462 separant
961 2397 983 2442 a
997 2381 1091 2462 parte
1109 2375 1259 2442 meridio-

7 2469 9 2580 ξ
127 2485 193 2552 uati
209 2494 336 2552 terram
353 2485 493 2553 filiorum
509 2486 579 2571 Isip
595 2507 617 2554 a
632 2492 720 2554 terra
734 2488 842 2552 Pouse
858 2489 891 2550 et
899 2483 1020 2552 Paulus
1030 2484 1258 2571 predictorum,

7 2591 10 2666 ξ
121 2596 158 2657 et
172 2612 194 2657 a
208 2600 309 2676 parte
325 2592 559 2660 occidentalia
583 2599 671 2660 terra
701 2591 863 2661 Dominioi
893 2596 926 2658 et
957 2610 1087 2658 suorum
1118 2591 1256 2690 fratrum

7 2669 14 2692 ³
123 2699 340 2788 prelatorum,
357 2700 467 2785 ibique
482 2699 685 2767 terminatur.
709 2698 864 2766 Preteren
880 2699 1045 2782 quantitas
1062 2698 1165 2782 ipsius
1185 2719 1257 2783 par·

128 2805 226 2873 tionle
243 2813 341 2891 terre,
358 2827 422 2890 qne
439 2807 538 2874 cessit
553 2807 586 2873 in
610 2807 797 2894 porcionem
814 2807 921 2873 Pousa
938 2813 970 2872 et
1000 2803 1120 2872 Paulus
1150 2804 1256 2892 predi-

7 2915 9 2938 *
125 2920 253 2980 etornm
269 2934 344 2981 oum
361 2913 509 2982 omnibus
534 2915 603 2982 suis
627 2915 825 2983 utilitatibus
857 2921 908 2982 est
937 2911 1101 2980 sulfioiens
1134 2912 1257 2981 culture

7 3037 9 3066 ³
129 3019 265 3088 duorum
295 3026 494 3104 aratrorum
517 3027 613 3108 prout
630 3022 728 3106 ijdem
745 3021 856 3088 arbitri
873 3021 946 3088 uisu
962 3019 1140 3107 potuissent
1156 3037 1257 3086 anno·

125 3136 203 3196 tare.
221 3131 261 3196 In
279 3131 438 3198 uniuersi
454 3130 669 3198 testimouium
685 3137 852 3216 presentes
868 3131 995 3196 litteras
1012 3147 1082 3195 oum
1099 3128 1256 3212 alpebeto

130 3240 302 3306 intercisos
333 3238 551 3306 eoncessimus
583 3238 685 3322 sigilli
716 3239 817 3306 nostri
846 3237 1023 3306 munimine
1068 3239 1253 3303 roboratas.

8 3365 9 3368 ’
130 3345 247 3416 Datum
264 3364 355 3411 anno
371 3345 501 3412 Domini
516 3346 637 3413 Μῡῦὓο
653 3346 896 3432 septuagesimo
911 3350 1013 3412 sexto.
1036 3342 1166 3410 Valtero
1193 3343 1256 3409 De

129 3471 219 3538 sano,
236 3449 408 3522 Bonifaoio
425 3453 573 3536 Custode,
589 3452 767 3538 eodemque
791 3453 929 3520 cantore
946 3449 1171 3519 existentibus.

7 3613 9 3640 ι
127 3646 272 3708 (Eredetie
291 3649 475 3714 bdrhdrtydm
506 3650 742 3716 hdrtyazsinegen
760 3649 846 3716 siggo
866 3649 962 3713 peosdt
981 3650 1071 3714 alatt3
1103 3664 1121 3699 e
1147 3648 1257 3698 idmelt.

368 3741 486 3806 herozeg
504 3741 673 3805 Eszterhtzy
692 3739 788 3792 cseldd
806 3737 1019 3802 leuelttrdbsn.)
