3194 5196
357 1203 531 1295 liupilrae'
545 1201 772 1294 ledptaldarrolc
788 1205 1069 1292 biaoaysdpleoele,
1100 1203 1291 1292 1209me
1315 1205 1347 1270 ts
1370 1201 1477 1270 Koarlr

353 1314 490 1383 oomesele
506 1311 651 1401 Mappor
668 1311 804 1382 araci
830 1313 984 1400 belpsdpet
1008 1311 1137 1378 oladtdle
1166 1311 1269 1378 Bada
1298 1312 1478 1380 anama

363 1427 369 1432 '
871 1419 968 1486 1300.

459 1616 646 1707 Capitulum
671 1617 817 1688 Eeelesie
834 1617 1011 1687 Nitriensis
1028 1618 1176 1685 omnibus
1192 1615 1314 1686 (ibristi
1329 1615 1477 1686 fidelibus

352 1725 554 1814 presentibus
585 1725 707 1813 pariter
723 1733 756 1794 et
786 1727 902 1795 lutuno
933 1745 1068 1812 presens
1098 1724 1253 1810 seriptum
1284 1725 1475 1810 inspecturis

352 1833 493 1902 salutem
523 1833 558 1902 in
574 1833 723 1921 largitore
754 1833 881 1902 salutis.
897 1831 948 1899 Ad
965 1833 1185 1902 uniuersorum
1210 1832 1310 1917 igitur
1324 1833 1477 1900 notieism

353 1940 467 2010 lrarum
483 1942 566 2011 serie
581 1942 728 2012 volumus
743 1941 924 2028 peruenire,
942 1937 1026 2025 quod
1042 1940 1159 2010 Comes
1178 1939 1262 2010 liert
1276 1945 1310 2008 et
1325 1937 1477 2008 lliooluus

352 2067 395 2118 ao
424 2049 593 2120 lohannes
622 2048 680 2136 tilij
712 2050 773 2137 sui,
806 2051 885 2118 item
916 2048 1030 2118 (lomes
1060 2046 1175 2117 Koneb
1203 2047 1306 2115 irater
1334 2045 1475 2116 eiusde·

352 2155 446 2244 dlert,
461 2162 494 2223 et
509 2155 631 2224 Paulus
645 2155 730 2226 lilius
744 2176 821 2224 suus
836 2157 879 2224 ab
894 2177 960 2225 vna
976 2161 1089 2241 purte,
1112 2162 1145 2223 et
1162 2154 1319 2238 Magister
1333 2153 1428 2222 Buda
1438 2173 1476 2222 ex

352 2259 468 2351 altore,
498 2264 627 2333 nobiles
642 2259 794 2332 videlieet
804 2263 1004 2349 jobagioues
1023 2261 1129 2330 (lastri
1146 2259 1357 2330 Posoniensis
1373 2280 1477 2330 eoram

353 2368 447 2438 nobis
464 2370 678 2456 personaliter
692 2371 870 2456 constituti,
887 2369 1008 2457 prelati
1034 2369 1174 2437 Comites
1204 2368 1289 2438 Meri
1304 2373 1337 2435 et
1367 2367 1477 2435 Koneb

352 2493 393 2541 ao
407 2473 465 2560 lilii
497 2495 606 2544 eorum
638 2479 796 2546 antedicti
810 2477 975 2563 quandam
992 2477 1232 2564 possessionem
1248 2495 1342 2544 suam
1356 2473 1477 2544 heredi·

351 2581 470 2650 tariam
499 2583 637 2673 blagyar
667 2586 812 2655 Zereneb
843 2591 992 2655 reatum
1023 2586 1059 2652 in
1089 2585 1251 2654 comitutu
1286 2583 1477 2652 Posonisusi

353 2687 556 2781 existentem,
579 2692 657 2786 alljs
687 2696 948 2784 possessionibus
977 2693 1046 2763 suis
1069 2694 1104 2761 iu
1120 2693 1237 2764 minori
1255 2693 1400 2762 Posonio
1416 2691 1476 2762 exi·

349 2796 511 2870 stantibus
541 2821 599 2888 pro
630 2824 670 2872 se
698 2802 886 2889 reserastis,
918 2801 1046 2890 prelato
1075 2801 1233 2887 Magistro
1252 2799 1356 2890 Buds,
1373 2805 1408 2870 et
1423 2819 1478 2890 per
1581 2833 1586 2851 r

353 2925 427 2974 eum
442 2909 511 2977 suis
535 2909 707 2981 heredibus
738 2910 955 2996 heredumque
985 2927 1116 2978 suorum
1147 2912 1389 2979 suooessoribus
1421 2929 1476 2996 pro

351 3014 468 3102 uiginti
500 3017 642 3104 quinque
671 3020 791 3089 mareis
823 3017 1030 3086 denariorum
1070 3017 1206 3085 latorum
1237 3015 1476 3086 Viennensium
1587 3045 1591 3064 1

350 3123 502 3195 dixerunt
513 3147 551 3196 se
566 3127 752 3198 uendidisse
767 3135 800 3196 et
831 3126 972 3213 dedisse,
988 3145 1028 3195 ae
1057 3123 1287 3211 vendiderunt,
1319 3123 1478 3194 dederuut

348 3237 382 3300 et
396 3230 600 3304 donauerunt
630 3255 737 3304 ooram
769 3235 864 3305 uobis
903 3255 976 3304 oum
1007 3232 1129 3303 eisdem
1160 3233 1421 3318 oiroumstanoijs
1446 3237 1478 3300 et

349 3338 547 3411 utilitatibus
563 3341 733 3433 uniuersis,
748 3343 903 3413 videlieet
927 3340 1137 3428 sessionibus,
1168 3339 1262 3408 terris
1285 3339 1477 3428 arabilibus,

349 3447 462 3536 pratis,
492 3451 596 3540 agris,
625 3452 743 3541 syluis,
773 3451 903 3539 paeonis
935 3456 967 3519 et
981 3446 1176 3532 nemoribus,
1200 3467 1241 3516 ae
1257 3445 1334 3532 arrjs
1351 3448 1477 3532 quibus

350 3575 487 3647 auoque,
501 3557 791 3646 quomodocunque
807 3565 1007 3639 censeantur,
1023 3557 1107 3626 sieut
1122 3575 1179 3644 per
1196 3554 1326 3624 eosdem
1344 3561 1378 3623 et
1403 3573 1476 3625 suos

350 3683 431 3734 auos
459 3685 519 3737 sou
549 3669 772 3756 progenitores
814 3667 928 3736 eadem
968 3665 1143 3754 possessio.
1164 3664 1303 3750 Magyar
1333 3663 1476 3733 Zereneb
1529 3679 1532 3686 ⁴

351 3773 461 3842 extitit
489 3793 655 3865 possessa,
685 3780 755 3847 iure
785 3785 943 3864 perpetuo
987 3773 1123 3862 paeifioe
1154 3791 1194 3840 ae
1223 3770 1478 3840 irreuoosbiliter

350 3881 592 3973 possidendam,
616 3885 790 3954 tenendam
821 3885 992 3970 periberet
1010 3880 1194 3951 habendam
1209 3900 1218 3964 ς
1235 3880 1477 3948 renuueientes-

349 4010 413 4075 que
428 3989 529 4078 ijdem
545 3991 687 4064 Oomites
701 3995 784 4063 biert
816 4003 849 4063 et
878 3993 993 4061 Konob
1028 4011 1067 4058 ue
1097 3989 1156 4076 lrlij
1187 3989 1331 4073 ipsorum
1361 3985 1478 4075 profati

349 4100 438 4166 omui
469 4100 530 4168 iuri
561 4109 594 4170 et
609 4105 696 4172 omni
724 4103 911 4192 propietati,
928 4099 1012 4186 quod
1027 4098 1082 4168 rel
1097 4119 1195 4183 quam
1211 4095 1337 4186 inipso
1352 4115 1478 4184 posses·

348 4205 442 4276 sione
458 4207 595 4299 Magyar
610 4211 754 4281 Zerenoh
769 4218 886 4281 uocata
902 4201 1120 4280 noscebantur
1134 4205 1283 4294 optinere
1298 4211 1332 4273 et
1347 4204 1479 4292 habere,

350 4321 500 4386 ettotam
526 4317 584 4404 jus
614 4339 655 4388 ao
685 4321 871 4388 uniuersum
902 4317 1080 4386 dominium
1107 4314 1196 4381 dicte
1211 4311 1432 4399 possessionis
1447 4315 1480 4376 et
1590 4371 1591 4400 ,

351 4423 528 4494 utilitatum
545 4425 688 4496 eiusdem
706 4428 740 4496 in
757 4428 863 4515 ipsum
894 4427 1088 4513 Magistrum
1120 4419 1216 4490 Budu
1245 4419 1478 4490 nmsserentes

351 4535 384 4595 et
399 4529 507 4598 eidem
537 4531 705 4623 donantes,
737 4535 883 4622 nihilque
899 4535 964 4602 sibi
975 4533 1060 4620 juris
1091 4532 1144 4600 uel
1163 4524 1391 4617 perpetuitatis
1406 4523 1478 4596 reti·

352 4637 458 4714 dendo
482 4642 534 4710 vel
566 4643 763 4716 reseruaudo
794 4646 828 4713 in
861 4641 985 4713 eadem.
1018 4643 1138 4714 Datum
1168 4642 1285 4732 quarto
1317 4633 1477 4708 kalendas
