3102 5196
554 444 715 546 joa-

4 639 5 642 ’
84 642 304 729 consanguinei
343 643 528 712 eorumdem
560 643 729 710 memorati
760 644 923 729 quandam
953 646 1199 732 possessionem

1 749 15 834 ’ἒ
85 771 182 819 eornm
198 752 339 818 Perenne
353 753 552 820 nominatam
569 752 604 818 in
620 751 782 820 Comitatn
799 752 839 820 dc
854 753 978 823 Borsod
1005 755 1198 824 existentem

8 851 18 967 ξ
82 860 344 931 inconeambium
360 855 580 946 possessionis
597 881 707 942 eorum
733 861 927 930 hereditarie
953 862 1065 932 Dedus
1097 865 1197 933 nomi·

8 970 16 1087 ἰ
81 976 181 1038 natea
196 969 324 1057 prefato
340 971 426 1037 Erue
441 972 535 1037 Bano
560 971 604 1038 ad
634 971 725 1058 ipsos'
755 971 950 1061 desolutum,
980 972 1041 1041 sub
1074 971 1196 1041 ebdom

9 1096 16 1169 ᾗ
80 1077 162 1145 metis
178 1082 209 1146 et
223 1079 383 1166 muminis,
400 1079 518 1164 quibua
533 1085 632 1148 antea
646 1080 720 1166 ipse
736 1079 823 1148 Eme
838 1081 949 1149 Banna
965 1080 1193 1151 dinoscebatur

9 1232 19 1265 ,
79 1183 258 1272 possedisse,
278 1207 353 1256 oum
364 1186 513 1256 omnibus
522 1186 719 1255 utilitatibus
730 1195 762 1255 ct
773 1188 983 1274 pertinenciis
999 1189 1078 1276 suis,
1089 1189 1196 1258 dedis·

8 1286 14 1378 ζ
79 1299 140 1360 sent
155 1293 257 1363 eidem
273 1295 432 1380 Magistro
447 1296 614 1380 Stephano
630 1294 779 1364 similiter
803 1296 873 1366 iure
903 1302 1058 1384 perpetuo
1090 1297 1195 1384 possi-

80 1401 216 1472 dendam.
248 1403 290 1469 Et
321 1405 401 1487 quia
430 1409 611 1472 memorata
641 1404 805 1489 possessio
837 1405 988 1489 Magistri
1021 1405 1192 1495 Stephani,

8 1507 17 1580 j·.
79 1509 218 1578 uidelicet
234 1510 507 1600 Harnadnemyty
530 1513 633 1581 maior
660 1519 693 1580 et
722 1511 832 1580 utilior
863 1518 944 1601 erat,
977 1532 1075 1598 quam
1106 1513 1194 1582 dicta

8 1592 15 1703 l,
79 1618 223 1702 possessio
238 1618 343 1704 partis
360 1619 518 1704 aduerse;
541 1621 606 1707 ipsi
620 1619 678 1706 filij
696 1618 812 1688 Bedke
825 1627 859 1688 ct
875 1621 1109 1706 consanguinei
1141 1624 1191 1689 sui

8 1735 14 1779 ’-
78 1744 161 1810 super
174 1725 357 1810 predictam
373 1728 612 1814 possessionem
628 1748 721 1796 suam
746 1727 948 1796 addidissent
974 1735 1006 1796 ct
1036 1726 1185 1798 tradidis-

7 1790 15 1909 i
77 1839 139 1902 sent
152 1833 213 1920 ipsi
229 1835 388 1920 Magistro
403 1835 569 1922 Stephano
585 1843 618 1904 ct
634 1836 700 1904 suis
715 1836 892 1906 heredibus
907 1839 1078 1924 porciones
1109 1857 1188 1906 suas

76 1941 286 2032 hereditarias,
319 1963 402 2028 quas
417 1944 608 2014 habuissent
624 1947 657 2012 in
689 1947 786 2014 terris
818 1945 960 2015 Perenne
990 1953 1022 2013 et
1054 1947 1190 2014 Lnbuna

7 2119 16 2149 ,
76 2053 246 2134 nominatis,
278 2053 392 2121 eodem
410 2053 505 2122 modo
519 2054 556 2120 in
572 2053 735 2123 (lumitate
751 2054 793 2121 dc
808 2053 935 2124 Borsod
967 2055 1188 2141 existentibus,

6 2171 16 2255 p
76 2168 243 2244 spectantes
260 2162 306 2230 ad
321 2182 358 2230 se
374 2163 460 2232 solos
476 2162 624 2232 similiter
640 2182 712 2230 cum
737 2164 897 2231 uniuersis
927 2163 1121 2232 utilitatibus
1153 2171 1186 2231 et

4 2255 17 2513 ξ
75 2269 269 2357 pertinencijs
287 2272 356 2340 suis
372 2272 434 2339 sub
450 2272 548 2340 certis
574 2280 606 2339 et
631 2272 774 2357 antiquis
806 2270 911 2360 metis,
943 2273 1060 2357 quibus
1090 2273 1189 2358 ijdem

73 2375 281 2465 possidebant,
297 2378 370 2448 iure
385 2387 543 2466 perpetuo
560 2386 593 2446 ct
608 2379 864 2448 irrcnooabiliter
878 2379 1107 2466 possidendas.
1146 2383 1188 2448 Et

4 2524 11 2557 ι
74 2484 211 2556 hibertus
226 2487 316 2556 filius
332 2489 468 2576 Sedere,
483 2509 523 2556 ac
538 2488 644 2557 era
657 2488 743 2556 illins
768 2489 863 2577 Wyd,
894 2491 1128 2577 consanguinei
1155 2503 1188 2562 et

73 2600 272 2666 commetanci
291 2597 447 2666 dictorum
463 2599 601 2666 filiorum
619 2595 741 2685 Bedke,
773 2611 813 2663 ae
829 2596 965 2665 aliorum
997 2603 1187 2686 consangui-

5 2722 7 2725 ’
72 2723 188 2772 reorum
203 2727 347 2792 suorum,
362 2725 469 2774 eoram
486 2705 581 2774 nobie
597 2709 810 2793 personaliter
826 2709 1004 2796 constituti,
1022 2709 1097 2776 hnic
1113 2731 1185 2780 cou-

72 2815 184 2881 cambio
201 2835 395 2884 consensum
411 2818 611 2903 prebuerunt
627 2822 660 2883 et
676 2834 855 2884 assensum.
894 2817 1041 2886 Dicimus
1067 2819 1179 2907 eciam,

0 2910 7 2985 i
72 2923 144 3005 qood
158 2925 253 2992 bomo
270 2931 392 3011 noster,
422 2925 463 2991 ad
481 2925 675 2992 instanciam
693 2925 838 3011 parcium
856 2925 902 2993 ad
918 2927 980 2992 hoc
996 2928 1185 3013 specialiter

6 3080 9 3083 2
73 3027 252 3119 destinatus,
287 3053 358 3099 cum
375 3033 456 3119 ipsis
472 3033 619 3119 partibus
636 3051 744 3099 coram
761 3033 851 3101 nobis
869 3033 1060 3102 constitutus
1092 3031 1184 3124 dixit,

72 3138 147 3222 quod
161 3141 303 3209 uniuersi
318 3140 549 3225 consanguinei
564 3145 597 3210 et
613 3141 826 3208 commelanci
851 3139 1071 3226 predictorum
1102 3143 1182 3210 lilio·

72 3269 130 3316 rum
145 3248 256 3318 Bedhe
274 3257 308 3317 et
323 3249 635 3336 consanguineorum
654 3271 783 3319 suorum
801 3251 835 3318 in
850 3251 934 3319 faeie
950 3254 1095 3339 ipsarum
1122 3261 1183 3320 ter-

71 3375 164 3424 rarum
180 3359 324 3429 Perenne
340 3365 372 3428 et
386 3361 525 3428 Lubuna
540 3366 725 3428 vocatarum
742 3362 971 3448 comparendo‚
1003 3381 1111 3430 coram
1144 3383 1183 3428 eo

70 3467 201 3548 profacto
218 3469 410 3536 concambio
425 3470 556 3552 plenum
573 3488 764 3536 consensum
781 3471 987 3555 prebuissent
1010 3479 1041 3538 ct
1072 3491 1182 3539 assen-

70 3593 140 3643 sum.
161 3579 348 3666 Assumpsit
365 3579 469 3646 ceiam
484 3577 568 3647 idem
601 3579 756 3664 Magister
787 3579 975 3664 Stephanus
1006 3579 1182 3665 obligando
1287 3583 1288 3590 ’

70 3703 99 3751 sc
113 3692 143 3753 ct
156 3687 292 3758 heredes
310 3707 397 3775 suos,
412 3688 498 3754 lilios
514 3687 639 3772 Bedke,
670 3697 702 3752 ct
719 3687 974 3772 consanguineos
991 3709 1067 3758 suos
1094 3696 1181 3758 ante-

69 3792 171 3885 dictos,
187 3818 227 3865 ac
241 3796 379 3865 heredes
396 3796 569 3864 eorundem
586 3798 766 3882 uniuersos,
798 3799 840 3864 ab
872 3799 1019 3865 omnibus
1049 3801 1181 3866 racione

69 3905 200 3986 predicte
214 3906 431 3994 possessionis
447 3906 715 3993 Harnadnemyty
731 3913 845 3974 vocale
875 3905 1032 3992 impetere
1050 3907 1179 3974 nitenti-

70 4011 120 4081 bus
134 4014 305 4084 delenderc
321 4023 354 4083 et
371 4014 525 4101 expedire
541 4015 680 4101 proprijs
690 4015 856 4082 laboribus
867 4016 1079 4103 etexpensis3
1094 4015 1180 4101 quod

69 4121 93 4186 si
112 4121 195 4207 ipsos
213 4123 387 4192 defendere
402 4145 467 4190 nou
484 4129 604 4212 posset,
636 4129 754 4192 extunc
779 4129 898 4190 terram
922 4123 1019 4190 alium
1037 4124 1077 4192 dc
1093 4131 1180 4191 terra

1 4227 2 4282 3
68 4248 119 4296 sua
132 4233 282 4317 empticia
299 4233 539 4316 oquiualeutem
555 4230 731 4316 quantitati
747 4237 778 4298 et
809 4232 1003 4299 utilitatibus
1035 4232 1179 4318 predicte

1 4388 2 4392 η
69 4343 270 4423 possessionis
285 4342 555 4430 Harnadnemyty
572 4341 749 4431 nominate,
765 4343 844 4409 dare
861 4347 892 4408 et
907 4341 1076 4425 assignare
1092 4350 1178 4408 tene-

1 4497 2 4500 *
68 4455 142 4515 rctur
155 4452 253 4536 pleno
270 4451 339 4518 iure
354 4449 430 4534 liiijs
447 4451 559 4518 Bedhe
576 4458 607 4518 ct
623 4449 878 4533 consanguineis
910 4469 1019 4517 corum
1051 4450 1177 4534 sepedi-

1 4568 2 4638 ᾗ
68 4555 130 4623 ctis.
152 4560 353 4628 Ecorrnerso
372 4568 491 4646 autem,
522 4560 588 4646 ipsi
603 4559 661 4645 filij
679 4558 791 4626 Bedke
808 4564 840 4628 et
863 4559 1098 4645 consanguinei
1127 4559 1177 4626 eui

1 4737 2 4742 ἵ
69 4664 240 4748 obligarunt
255 4690 300 4756 se,
320 4668 447 4756 fratres,
463 4668 720 4752 consanguineos
737 4687 777 4733 ae
800 4665 940 4735 heredes
965 4688 1077 4735 corum
1107 4667 1177 4734 vni-

1 4783 2 4842 3
67 4789 178 4861 uersos,
208 4777 366 4863 prolatum
383 4776 572 4862 Magistrum
589 4775 789 4862 Stephanum
807 4783 839 4842 ct
870 4774 1006 4845 herodes
1031 4773 1175 4844 eiusdem
