3162 5200
708 1013 784 1082 loc.

169 1212 188 1277 1
197 1211 232 1277 V.
254 1213 371 1280 Medd
385 1211 497 1298 kirclp
514 1236 535 1278 a
550 1215 630 1280 talki
645 1223 817 1280 monoatort
833 1216 964 1299 appositi
979 1237 1000 1278 a
1016 1215 1209 1300 apdioaipeti
1223 1219 1303 1300 apc-

568 1322 795 1389 czazdrcicival.
820 1323 918 1390 1277.

281 1517 351 1585 Nos
366 1515 539 1585 Ladialans
555 1518 617 1584 Dei
643 1519 756 1604 gracia
786 1519 856 1584 Rex
886 1516 1051 1603 Huugarie
1082 1517 1302 1604 significamus

168 1625 334 1692 uniuersis
350 1624 554 1716 presencium
572 1644 630 1711 per
645 1632 799 1710 tenorem,
831 1625 917 1709 quod
934 1647 994 1695 uos
1009 1627 1123 1714 Regali
1155 1627 1302 1694 modera-

172 1733 263 1798 mine
280 1731 525 1799 considerantes
550 1732 724 1818 vnirersa5
749 1733 934 1820 prospicere
966 1734 1127 1802 noluimus
1158 1733 1303 1816 meliora,

173 1843 222 1907 ita
238 1840 398 1924 unientes,
430 1860 488 1909 seu
505 1841 589 1907 uuiri
608 1848 831 1928 procurantes,
863 1863 960 1910 vnarn
979 1843 1162 1940 Ecclesiam
1178 1843 1304 1928 religio·

172 1969 244 2016 sam
260 1949 319 2016 alii
335 1947 529 2034 religiosiori
545 1949 748 2038 subiciendo,
764 1956 800 2015 ut
816 1949 965 2018 subiecta
981 1951 1023 2019 ab
1040 1952 1189 2020 omnibus
1206 1950 1304 2018 houe-

1 2018 2 2028 ἵ
48 2049 53 2056 ’
172 2057 263 2124 rihus
281 2063 315 2123 et
329 2054 472 2124 sordidis
498 2057 695 2135 muneribus,
727 2057 842 2140 quibus
874 2058 1052 2142 aggrauari
1083 2064 1305 2142 consueuerat,

172 2163 307 2250 penitus
322 2163 495 2251 releuatur,
523 2170 556 2231 et
571 2163 730 2251 Ecclesia,
762 2164 814 2233 oui
832 2165 943 2232 debita
960 2167 1145 2236 annectitur
1175 2165 1304 2250 unione,

172 2275 412 2341 incrementum
428 2272 565 2364 recipiat
594 2278 626 2339 et
639 2273 784 2344 tutelam.
810 2273 871 2340 Pro
888 2280 979 2342 tauto
995 2274 1174 2344 Ecclesiam
1191 2275 1305 2343 Sancti

171 2379 273 2464 Regis
290 2379 331 2446 dc
345 2377 487 2467 Teluky,
504 2376 638 2449 Ordinis
656 2381 749 2449 Beati
765 2379 941 2464 Benedicti,
968 2388 1177 2470 quopropter
1193 2383 1303 2450 Patro

174 2509 290 2555 norum
307 2485 467 2555 deiectum
485 2487 554 2558 fere
569 2485 612 2555 ad
627 2487 888 2556 exinanicioucm
905 2496 1049 2558 extreme
1064 2489 1191 2559 uirtutis
1207 2489 1302 2558 deue-

172 2603 281 2683 nerat,
299 2602 334 2662 rt
351 2602 384 2662 ct
399 2616 420 2663 a
436 2594 669 2681 multiplicibus
686 2595 932 2681 grauamiuibus
948 2599 1120 2683 relocatur,
1136 2605 1168 2665 ct
1184 2597 1217 2664 in
1232 2599 1301 2666 sois

174 2703 302 2773 iuribus
320 2701 527 2788 protcccione
543 2702 655 2770 debita
672 2710 901 2788 conseruntur3
924 2711 992 2772 tam
1008 2706 1042 2772 in
1066 2705 1216 2774 Ecclesia
1247 2725 1304 2775 scu

172 2811 387 2895 Monasterio,
406 2829 502 2894 quarn
512 2811 625 2880 insuia
636 2811 856 2897 pertinenciis,
871 2811 996 2899 prediis
1021 2811 1182 2899 videlicet,
1198 2815 1305 2900 capal-

171 2919 224 3004 lis,
241 2917 456 3006 obedienciJ‘s,
472 2917 631 3006 graugijs,
647 2919 745 3009 villis,
777 2921 894 3008 vincis,
925 2921 1028 3009 siluis,
1060 2920 1256 2989 molendinis
1273 2927 1306 2988 et

173 3026 254 3110 aliJs
271 3025 420 3094 omnibus
436 3025 711 3114 possessionibus,
743 3047 935 3113 quocunque
962 3030 1092 3095 nomine
1123 3036 1303 3114 censeatur,

171 3137 323 3206 Ecclesie
339 3136 532 3204 Beatissimo
542 3135 687 3222 Virginis
710 3135 1011 3206 Sanctimouialium
1028 3133 1160 3204 Ordinis
1169 3137 1304 3205 fratrum

173 3243 422 3311 Predicatorum
441 3240 481 3309 de
511 3242 620 3312 Iusule
652 3244 794 3312 Dauobii
826 3245 988 3314 rniuimus
1019 3265 1076 3314 eeu
1109 3245 1305 3314 subiecimus

173 3354 274 3438 pleno
289 3353 380 3435 iure;
404 3351 451 3416 ita
466 3351 553 3436 quod
569 3351 640 3438 ipse
665 3351 939 3419 sanctimoniales
971 3353 1011 3420 de
1042 3353 1156 3421 Insula
1188 3352 1305 3422 emolu·
1350 3358 1357 3369 '

174 3468 319 3527 mentum
337 3467 528 3544 competens
542 3459 727 3545 percipiant
741 3459 782 3526 de
799 3459 956 3528 fructibus
981 3461 1128 3529 Ecclesia
1159 3461 1307 3548 supradi-

173 3575 238 3652 cte,
255 3567 338 3634 etin
355 3567 429 3654 ipsa
443 3565 594 3634 Ecclesia
610 3565 729 3634 fratres
747 3568 815 3632 Deo
841 3564 1039 3635 famulantes
1070 3567 1166 3637 modo
1196 3570 1306 3644 debito

79 3677 83 3684 '
175 3682 424 3756 sustententur;
455 3694 496 3740 ne
521 3679 655 3759 propter
685 3673 942 3742 necessariorum
974 3675 1136 3745 deiectum
1168 3675 1201 3741 in
1233 3677 1306 3762 ipsa

172 3783 328 3850 Ecclesia
345 3781 463 3848 Diuinc
480 3782 589 3850 laudis
605 3802 762 3867 organum
780 3783 1006 3869 suspendatur.
1024 3786 1144 3850 Datum
1161 3781 1195 3848 iu
1206 3784 1305 3850 Pestlr

173 3894 211 3958 in
227 3891 375 3958 crastino
401 3889 515 3958 Sancti
546 3890 697 3960 Barnabe
728 3889 875 3976 Apostoli
906 3913 994 3960 auno
1026 3889 1156 3960 Domini
1187 3893 1219 3957 M
1227 3891 1307 3957 000⁰

172 3999 421 4085 septuagesimo
436 3997 586 4084 septimo.

172 4199 318 4264 (Eredetie
337 4198 523 4262 bdrhdrtydn,
544 4214 561 4250 a
580 4197 733 4263 kirtlynalr
752 4199 833 4251 notul
863 4197 1048 4265 odanyomott
1076 4196 1255 4264 peosctjdrel,
1288 4214 1305 4250 a

170 4291 262 4345 budai
280 4291 336 4342 kir.
356 4291 486 4342 kamarai
508 4289 694 4342 leveltrirbau.
715 4317 747 4329 -
766 4291 856 4341 ninas
875 4291 1045 4342 irenammsl
1064 4291 1093 4342 es
1112 4290 1252 4341 kdlirnben
1281 4291 1305 4340 is

218 4383 330 4437 sadmos
349 4384 464 4438 hibaral
484 4383 588 4434 kiadva
607 4381 734 4448 Eejdrndl
758 4381 824 4435 (lod.
844 4383 920 4449 Dlpl.
939 4384 972 4434 V.
992 4384 1051 4434 ket.
1072 4387 1096 4432 2.
1110 4399 1130 4434 r.
1152 4385 1211 4432 548.
1230 4382 1263 4446 l.)

611 4649 878 4663 hunum—‘-
