<?xml version="1.0" encoding="UTF-8"?>
<!DOCTYPE html PUBLIC "-//W3C//DTD XHTML 1.0 Transitional//EN"
    "http://www.w3.org/TR/xhtml1/DTD/xhtml1-transitional.dtd">
<html xmlns="http://www.w3.org/1999/xhtml" xml:lang="en" lang="en">
 <head>
  <title>
</title>
<meta http-equiv="Content-Type" content="text/html;charset=utf-8" />
  <meta name='ocr-system' content='tesseract 3.04.00' />
  <meta name='ocr-capabilities' content='ocr_page ocr_carea ocr_par ocr_line ocrx_word'/>
</head>
<body>
  <div class='ocr_page' id='page_1' title='image "./codexdiplomatic00wenzgoog_0556.png"; bbox 0 0 3160 5200; ppageno 0'>
   <div class='ocr_carea' id='block_1_1' title="bbox 814 180 1015 311">
    <p class='ocr_par' dir='ltr' id='par_1_1' title="bbox 814 180 1015 311">
     <span class='ocr_line' id='line_1_1' title="bbox 814 180 1015 311; baseline 0 0"><span class='ocrx_word' id='word_1_1' title='bbox 814 180 817 188; x_wconf 84' lang='grc'><strong>’</strong></span> <span class='ocrx_word' id='word_1_2' title='bbox 856 209 1015 311; x_wconf 57' lang='lat' dir='ltr'><strong>me.</strong></span> 
     </span>
    </p>
   </div>
   <div class='ocr_carea' id='block_1_2' title="bbox 275 400 1547 1674">
    <p class='ocr_par' dir='ltr' id='par_1_2' title="bbox 275 400 1547 1674">
     <span class='ocr_line' id='line_1_2' title="bbox 371 400 1474 490; baseline -0.003 -16"><span class='ocrx_word' id='word_1_3' title='bbox 371 405 522 490; x_wconf 85' lang='lat' dir='ltr'><strong>distingit</strong></span> <span class='ocrx_word' id='word_1_4' title='bbox 567 400 750 488; x_wconf 79' lang='lat' dir='ltr'><strong>Tetetken3</strong></span> <span class='ocrx_word' id='word_1_5' title='bbox 803 403 921 473; x_wconf 84' lang='lat' dir='ltr'><strong>deinde</strong></span> <span class='ocrx_word' id='word_1_6' title='bbox 975 423 1089 474; x_wconf 89' lang='lat' dir='ltr'><strong>uersus</strong></span> <span class='ocrx_word' id='word_1_7' title='bbox 1140 403 1396 489; x_wconf 73' lang='lat' dir='ltr'><strong>septemtrionem</strong></span> <span class='ocrx_word' id='word_1_8' title='bbox 1441 404 1474 471; x_wconf 81' lang='lat' dir='ltr'><strong>at</strong></span> 
     </span>
     <span class='ocr_line' id='line_1_3' title="bbox 373 511 1547 600; baseline -0.002 -20"><span class='ocrx_word' id='word_1_9' title='bbox 373 512 454 583; x_wconf 76' lang='lat' dir='ltr'><strong>duas</strong></span> <span class='ocrx_word' id='word_1_10' title='bbox 494 519 608 598; x_wconf 84' lang='lat' dir='ltr'><strong>metas,</strong></span> <span class='ocrx_word' id='word_1_11' title='bbox 646 533 782 599; x_wconf 79' lang='lat' dir='ltr'><strong>quarum</strong></span> <span class='ocrx_word' id='word_1_12' title='bbox 823 519 1053 600; x_wconf 29' lang='lat' dir='ltr'><strong>una-separat</strong></span> <span class='ocrx_word' id='word_1_13' title='bbox 1084 519 1204 582; x_wconf 86' lang='lat' dir='ltr'><strong>terram</strong></span> <span class='ocrx_word' id='word_1_14' title='bbox 1234 512 1386 592; x_wconf 62' lang='lat' dir='ltr'><strong>flatsach</strong></span> <span class='ocrx_word' id='word_1_15' title='bbox 1418 511 1477 580; x_wconf 87' lang='lat' dir='ltr'><strong>hino</strong></span> <span class='ocrx_word' id='word_1_16' title='bbox 1542 513 1547 520; x_wconf 86' lang='lat'>&#39;</span> 
     </span>
     <span class='ocr_line' id='line_1_4' title="bbox 370 619 1532 718; baseline -0.003 -29"><span class='ocrx_word' id='word_1_17' title='bbox 370 619 517 707; x_wconf 78' lang='lat' dir='ltr'><strong>prooeslit</strong></span> <span class='ocrx_word' id='word_1_18' title='bbox 532 642 646 692; x_wconf 86' lang='lat' dir='ltr'><strong>uersus</strong></span> <span class='ocrx_word' id='word_1_19' title='bbox 662 623 794 708; x_wconf 85' lang='lat' dir='ltr'><strong>plagam</strong></span> <span class='ocrx_word' id='word_1_20' title='bbox 810 622 1110 709; x_wconf 68' lang='lat' dir='ltr'><strong>septemtrionalem</strong></span> <span class='ocrx_word' id='word_1_21' title='bbox 1126 621 1170 688; x_wconf 83' lang='lat' dir='ltr'><strong>ad</strong></span> <span class='ocrx_word' id='word_1_22' title='bbox 1185 619 1268 718; x_wconf 69' lang='lat' dir='ltr'><strong>dnos</strong></span> <span class='ocrx_word' id='word_1_23' title='bbox 1290 627 1403 704; x_wconf 81' lang='lat' dir='ltr'><strong>metas,</strong></span> <span class='ocrx_word' id='word_1_24' title='bbox 1430 641 1477 706; x_wconf 86' lang='lat' dir='ltr'><strong>que</strong></span> <span class='ocrx_word' id='word_1_25' title='bbox 1530 667 1532 672; x_wconf 75' lang='lat'><em>·</em></span> 
     </span>
     <span class='ocr_line' id='line_1_5' title="bbox 372 729 1477 818; baseline 0 -22"><span class='ocrx_word' id='word_1_26' title='bbox 372 735 446 796; x_wconf 91' lang='lat' dir='ltr'><strong>sunt</strong></span> <span class='ocrx_word' id='word_1_27' title='bbox 470 737 576 798; x_wconf 85' lang='lat' dir='ltr'><strong>ersote</strong></span> <span class='ocrx_word' id='word_1_28' title='bbox 603 729 695 798; x_wconf 83' lang='lat' dir='ltr'><strong>iuxta</strong></span> <span class='ocrx_word' id='word_1_29' title='bbox 716 729 905 818; x_wconf 89' lang='lat' dir='ltr'><strong>piuaehium</strong></span> <span class='ocrx_word' id='word_1_30' title='bbox 922 729 1059 798; x_wconf 87' lang='lat' dir='ltr'><strong>eoelesie</strong></span> <span class='ocrx_word' id='word_1_31' title='bbox 1073 729 1184 797; x_wconf 80' lang='lat' dir='ltr'><strong>Suneti</strong></span> <span class='ocrx_word' id='word_1_32' title='bbox 1207 729 1332 815; x_wconf 75' lang='lat' dir='ltr'><strong>Merop,</strong></span> <span class='ocrx_word' id='word_1_33' title='bbox 1365 748 1477 813; x_wconf 83' lang='lat' dir='ltr'><strong>quarum</strong></span> 
     </span>
     <span class='ocr_line' id='line_1_6' title="bbox 371 835 1480 924; baseline -0.005 -20"><span class='ocrx_word' id='word_1_34' title='bbox 371 855 437 904; x_wconf 79' lang='lat' dir='ltr'><strong>una</strong></span> <span class='ocrx_word' id='word_1_35' title='bbox 453 841 585 924; x_wconf 85' lang='lat' dir='ltr'><strong>separat</strong></span> <span class='ocrx_word' id='word_1_36' title='bbox 600 843 720 904; x_wconf 79' lang='lat' dir='ltr'><strong>terrem</strong></span> <span class='ocrx_word' id='word_1_37' title='bbox 735 838 829 922; x_wconf 65' lang='grc' dir='ltr'><strong>Βοῦς</strong></span> <span class='ocrx_word' id='word_1_38' title='bbox 852 837 972 906; x_wconf 86' lang='lat' dir='ltr'><strong>abhino</strong></span> <span class='ocrx_word' id='word_1_39' title='bbox 987 835 1073 905; x_wconf 87' lang='lat' dir='ltr'><strong>redit</strong></span> <span class='ocrx_word' id='word_1_40' title='bbox 1089 836 1134 903; x_wconf 87' lang='lat' dir='ltr'><strong>ad</strong></span> <span class='ocrx_word' id='word_1_41' title='bbox 1150 843 1276 924; x_wconf 90' lang='lat' dir='ltr'><strong>portum</strong></span> <span class='ocrx_word' id='word_1_42' title='bbox 1290 835 1441 922; x_wconf 73' lang='lat' dir='ltr'><strong>Danubij,</strong></span> <span class='ocrx_word' id='word_1_43' title='bbox 1454 842 1480 900; x_wconf 87' lang='lat' dir='ltr'><strong>et</strong></span> 
     </span>
     <span class='ocr_line' id='line_1_7' title="bbox 375 941 1478 1030; baseline -0.002 -20"><span class='ocrx_word' id='word_1_44' title='bbox 375 943 420 1011; x_wconf 91' lang='lat' dir='ltr'><strong>ibi</strong></span> <span class='ocrx_word' id='word_1_45' title='bbox 436 952 512 1012; x_wconf 90' lang='lat' dir='ltr'><strong>sunt</strong></span> <span class='ocrx_word' id='word_1_46' title='bbox 529 943 592 1013; x_wconf 91' lang='lat' dir='ltr'><strong>dua</strong></span> <span class='ocrx_word' id='word_1_47' title='bbox 607 952 691 1012; x_wconf 88' lang='lat' dir='ltr'><strong>mete</strong></span> <span class='ocrx_word' id='word_1_48' title='bbox 706 945 891 1030; x_wconf 85' lang='lat' dir='ltr'><strong>angulares,</strong></span> <span class='ocrx_word' id='word_1_49' title='bbox 919 958 950 1012; x_wconf 82' lang='lat' dir='ltr'><strong>et</strong></span> <span class='ocrx_word' id='word_1_50' title='bbox 966 945 1015 1013; x_wconf 88' lang='lat' dir='ltr'><strong>sie</strong></span> <span class='ocrx_word' id='word_1_51' title='bbox 1030 943 1234 1012; x_wconf 80' lang='lat' dir='ltr'><strong>terminetur.</strong></span> <span class='ocrx_word' id='word_1_52' title='bbox 1273 944 1312 1010; x_wconf 93' lang='lat' dir='ltr'><strong>In</strong></span> <span class='ocrx_word' id='word_1_53' title='bbox 1329 941 1417 1010; x_wconf 88' lang='lat' dir='ltr'><strong>ouius</strong></span> <span class='ocrx_word' id='word_1_54' title='bbox 1442 941 1478 1007; x_wconf 76' lang='lat' dir='ltr'><strong>re·</strong></span> 
     </span>
     <span class='ocr_line' id='line_1_8' title="bbox 372 1049 1481 1137; baseline -0.005 -19"><span class='ocrx_word' id='word_1_55' title='bbox 372 1049 599 1136; x_wconf 88' lang='lat' dir='ltr'><strong>testimonium,</strong></span> <span class='ocrx_word' id='word_1_56' title='bbox 632 1056 664 1118; x_wconf 90' lang='lat' dir='ltr'><strong>at</strong></span> <span class='ocrx_word' id='word_1_57' title='bbox 678 1057 715 1118; x_wconf 92' lang='lat' dir='ltr'><strong>ut</strong></span> <span class='ocrx_word' id='word_1_58' title='bbox 730 1051 790 1119; x_wconf 89' lang='lat' dir='ltr'><strong>hee</strong></span> <span class='ocrx_word' id='word_1_59' title='bbox 807 1071 942 1137; x_wconf 78' lang='lat' dir='ltr'><strong>presens</strong></span> <span class='ocrx_word' id='word_1_60' title='bbox 958 1049 1095 1119; x_wconf 87' lang='lat' dir='ltr'><strong>donaoio</strong></span> <span class='ocrx_word' id='word_1_61' title='bbox 1111 1059 1223 1120; x_wconf 86' lang='lat' dir='ltr'><strong>nostra</strong></span> <span class='ocrx_word' id='word_1_62' title='bbox 1237 1050 1335 1118; x_wconf 88' lang='lat' dir='ltr'><strong>robur</strong></span> <span class='ocrx_word' id='word_1_63' title='bbox 1352 1049 1481 1116; x_wconf 82' lang='lat' dir='ltr'><strong>obtineat</strong></span> 
     </span>
     <span class='ocr_line' id='line_1_9' title="bbox 371 1155 1482 1246; baseline -0.004 -20"><span class='ocrx_word' id='word_1_64' title='bbox 371 1166 526 1246; x_wconf 81' lang='lat' dir='ltr'><strong>perpetue</strong></span> <span class='ocrx_word' id='word_1_65' title='bbox 542 1157 711 1244; x_wconf 80' lang='lat' dir='ltr'><strong>firmitatis,</strong></span> <span class='ocrx_word' id='word_1_66' title='bbox 744 1169 913 1244; x_wconf 86' lang='lat' dir='ltr'><strong>presentes</strong></span> <span class='ocrx_word' id='word_1_67' title='bbox 930 1161 1151 1229; x_wconf 78' lang='lat' dir='ltr'><strong>concessimus</strong></span> <span class='ocrx_word' id='word_1_68' title='bbox 1182 1159 1309 1227; x_wconf 85' lang='lat' dir='ltr'><strong>litteras</strong></span> <span class='ocrx_word' id='word_1_69' title='bbox 1337 1155 1482 1243; x_wconf 86' lang='lat' dir='ltr'><strong>dupplieis</strong></span> 
     </span>
     <span class='ocr_line' id='line_1_10' title="bbox 353 1265 1482 1354; baseline -0.005 -20"><span class='ocrx_word' id='word_1_70' title='bbox 353 1265 473 1352; x_wconf 86' lang='lat' dir='ltr'><strong>&#39;sigilii</strong></span> <span class='ocrx_word' id='word_1_71' title='bbox 488 1265 593 1333; x_wconf 88' lang='lat' dir='ltr'><strong>nostri</strong></span> <span class='ocrx_word' id='word_1_72' title='bbox 608 1265 783 1335; x_wconf 90' lang='lat' dir='ltr'><strong>munimina</strong></span> <span class='ocrx_word' id='word_1_73' title='bbox 799 1267 979 1335; x_wconf 82' lang='lat' dir='ltr'><strong>roboratus.</strong></span> <span class='ocrx_word' id='word_1_74' title='bbox 1019 1268 1141 1335; x_wconf 82' lang='lat' dir='ltr'><strong>Datum</strong></span> <span class='ocrx_word' id='word_1_75' title='bbox 1157 1288 1216 1354; x_wconf 91' lang='lat' dir='ltr'><strong>per</strong></span> <span class='ocrx_word' id='word_1_76' title='bbox 1231 1283 1347 1334; x_wconf 90' lang='lat' dir='ltr'><strong>manus</strong></span> <span class='ocrx_word' id='word_1_77' title='bbox 1366 1282 1482 1330; x_wconf 78' lang='lat' dir='ltr'><strong>venem·</strong></span> 
     </span>
     <span class='ocr_line' id='line_1_11' title="bbox 275 1370 1482 1461; baseline -0.003 -19"><span class='ocrx_word' id='word_1_78' title='bbox 275 1379 279 1392; x_wconf 63' lang='lat'><em>¹</em></span> <span class='ocrx_word' id='word_1_79' title='bbox 370 1373 444 1442; x_wconf 88' lang='lat' dir='ltr'><strong>bitis</strong></span> <span class='ocrx_word' id='word_1_80' title='bbox 459 1373 564 1459; x_wconf 87' lang='lat' dir='ltr'><strong>patris</strong></span> <span class='ocrx_word' id='word_1_81' title='bbox 578 1373 699 1442; x_wconf 88' lang='lat' dir='ltr'><strong>domini</strong></span> <span class='ocrx_word' id='word_1_82' title='bbox 715 1373 844 1442; x_wconf 80' lang='lat' dir='ltr'><strong>Andros</strong></span> <span class='ocrx_word' id='word_1_83' title='bbox 859 1375 922 1444; x_wconf 88' lang='lat' dir='ltr'><strong>Dei</strong></span> <span class='ocrx_word' id='word_1_84' title='bbox 938 1375 1050 1461; x_wconf 81' lang='lat' dir='ltr'><strong>&#39;gracia</strong></span> <span class='ocrx_word' id='word_1_85' title='bbox 1065 1375 1217 1461; x_wconf 78' lang='lat' dir='ltr'><strong>Episeopi</strong></span> <span class='ocrx_word' id='word_1_86' title='bbox 1233 1372 1402 1460; x_wconf 84' lang='lat' dir='ltr'><strong>Agriensie</strong></span> <span class='ocrx_word' id='word_1_87' title='bbox 1419 1370 1482 1438; x_wconf 85' lang='lat' dir='ltr'><strong>ide·</strong></span> 
     </span>
     <span class='ocr_line' id='line_1_12' title="bbox 370 1478 1482 1569; baseline -0.004 -20"><span class='ocrx_word' id='word_1_88' title='bbox 370 1482 413 1550; x_wconf 92' lang='lat' dir='ltr'><strong>lis</strong></span> <span class='ocrx_word' id='word_1_89' title='bbox 429 1481 625 1567; x_wconf 80' lang='lat' dir='ltr'><strong>Gaooellarij</strong></span> <span class='ocrx_word' id='word_1_90' title='bbox 643 1481 754 1566; x_wconf 87' lang='lat' dir='ltr'><strong>nostri,</strong></span> <span class='ocrx_word' id='word_1_91' title='bbox 770 1502 856 1550; x_wconf 88' lang='lat' dir='ltr'><strong>anno</strong></span> <span class='ocrx_word' id='word_1_92' title='bbox 872 1481 1003 1551; x_wconf 91' lang='lat' dir='ltr'><strong>Domini</strong></span> <span class='ocrx_word' id='word_1_93' title='bbox 1018 1482 1139 1550; x_wconf 74' lang='lat' dir='ltr'><strong>usu·</strong></span> <span class='ocrx_word' id='word_1_94' title='bbox 1155 1482 1370 1569; x_wconf 86' lang='lat' dir='ltr'><strong>nonagesimo</strong></span> <span class='ocrx_word' id='word_1_95' title='bbox 1380 1478 1482 1568; x_wconf 87' lang='lat' dir='ltr'><strong>primo,</strong></span> 
     </span>
     <span class='ocr_line' id='line_1_13' title="bbox 371 1586 854 1674; baseline -0.002 -17"><span class='ocrx_word' id='word_1_96' title='bbox 371 1589 509 1674; x_wconf 83' lang='lat' dir='ltr'><strong>septimo</strong></span> <span class='ocrx_word' id='word_1_97' title='bbox 524 1586 684 1658; x_wconf 81' lang='lat' dir='ltr'><strong>kalendas</strong></span> <span class='ocrx_word' id='word_1_98' title='bbox 704 1590 854 1674; x_wconf 84' lang='lat' dir='ltr'><strong>Augusti.</strong></span> 
     </span>
    </p>
   </div>
   <div class='ocr_carea' id='block_1_3' title="bbox 371 1783 1508 2033">
    <p class='ocr_par' dir='ltr' id='par_1_3' title="bbox 371 1783 1508 2033">
     <span class='ocr_line' id='line_1_14' title="bbox 373 1783 1508 1866; baseline -0.007 -26"><span class='ocrx_word' id='word_1_99' title='bbox 373 1785 514 1853; x_wconf 75' lang='lat' dir='ltr'><strong>(Eredetie</strong></span> <span class='ocrx_word' id='word_1_100' title='bbox 550 1789 733 1856; x_wconf 73' lang='lat' dir='ltr'><strong>burhtrtytn,</strong></span> <span class='ocrx_word' id='word_1_101' title='bbox 771 1788 892 1854; x_wconf 82' lang='lat' dir='ltr'><strong>melyrul</strong></span> <span class='ocrx_word' id='word_1_102' title='bbox 929 1803 946 1839; x_wconf 86' lang='lat' dir='ltr'><strong>a</strong></span> <span class='ocrx_word' id='word_1_103' title='bbox 976 1787 1125 1852; x_wconf 77' lang='lat' dir='ltr'><strong>paesetnok</strong></span> <span class='ocrx_word' id='word_1_104' title='bbox 1155 1786 1289 1838; x_wconf 66' lang='lat' dir='ltr'><strong>trirsdtke</strong></span> <span class='ocrx_word' id='word_1_105' title='bbox 1320 1783 1508 1866; x_wconf 28' lang='lat' dir='ltr'><strong>virts-muge!</strong></span> 
     </span>
     <span class='ocr_line' id='line_1_15' title="bbox 371 1873 1486 1946; baseline -0.006 -18"><span class='ocrx_word' id='word_1_106' title='bbox 371 1877 607 1942; x_wconf 79' lang='lat' dir='ltr'><strong>selyemnsiuoron</strong></span> <span class='ocrx_word' id='word_1_107' title='bbox 625 1879 712 1946; x_wconf 76' lang='lat' dir='ltr'><strong>suigg;</strong></span> <span class='ocrx_word' id='word_1_108' title='bbox 732 1893 749 1930; x_wconf 80' lang='lat' dir='ltr'><strong>s</strong></span> <span class='ocrx_word' id='word_1_109' title='bbox 767 1878 853 1930; x_wconf 85' lang='lat' dir='ltr'><strong>budai</strong></span> <span class='ocrx_word' id='word_1_110' title='bbox 872 1878 924 1930; x_wconf 87' lang='lat' dir='ltr'><strong>kir.</strong></span> <span class='ocrx_word' id='word_1_111' title='bbox 944 1879 1072 1930; x_wconf 85' lang='lat' dir='ltr'><strong>kamarai</strong></span> <span class='ocrx_word' id='word_1_112' title='bbox 1090 1877 1275 1928; x_wconf 73' lang='lat' dir='ltr'><strong>levtlttrbau.</strong></span> <span class='ocrx_word' id='word_1_113' title='bbox 1292 1902 1324 1913; x_wconf 91' lang='lat'>-</span> <span class='ocrx_word' id='word_1_114' title='bbox 1338 1875 1396 1926; x_wconf 79' lang='lat' dir='ltr'><strong>Seis</strong></span> <span class='ocrx_word' id='word_1_115' title='bbox 1417 1873 1486 1922; x_wconf 57' lang='lat' dir='ltr'><strong>hibe</strong></span> 
     </span>
     <span class='ocr_line' id='line_1_16' title="bbox 490 1966 1381 2033; baseline 0.002 -15"><span class='ocrx_word' id='word_1_116' title='bbox 490 1966 536 2018; x_wconf 87' lang='lat' dir='ltr'><strong>val</strong></span> <span class='ocrx_word' id='word_1_117' title='bbox 557 1967 660 2020; x_wconf 83' lang='lat' dir='ltr'><strong>kiadva</strong></span> <span class='ocrx_word' id='word_1_118' title='bbox 678 1967 805 2033; x_wconf 73' lang='lat' dir='ltr'><strong>Fejeruel</strong></span> <span class='ocrx_word' id='word_1_119' title='bbox 825 1967 893 2020; x_wconf 76' lang='lat' dir='ltr'><strong>(lod.</strong></span> <span class='ocrx_word' id='word_1_120' title='bbox 913 1968 988 2032; x_wconf 86' lang='lat' dir='ltr'><strong>Dipl.</strong></span> <span class='ocrx_word' id='word_1_121' title='bbox 1008 1969 1055 2020; x_wconf 89' lang='lat' dir='ltr'><strong>VI.</strong></span> <span class='ocrx_word' id='word_1_122' title='bbox 1075 1968 1133 2018; x_wconf 77' lang='lat' dir='ltr'><strong>kur.</strong></span> <span class='ocrx_word' id='word_1_123' title='bbox 1155 1972 1178 2018; x_wconf 89' lang='lat'><strong>1.</strong></span> <span class='ocrx_word' id='word_1_124' title='bbox 1199 1981 1221 2017; x_wconf 85' lang='lat' dir='ltr'><strong>r.</strong></span> <span class='ocrx_word' id='word_1_125' title='bbox 1242 1971 1302 2018; x_wconf 74' lang='lat'><strong>142.</strong></span> <span class='ocrx_word' id='word_1_126' title='bbox 1322 1967 1381 2031; x_wconf 80' lang='lat' dir='ltr'><strong>lap.</strong></span> 
     </span>
    </p>
   </div>
   <div class='ocr_carea' id='block_1_4' title="bbox 801 2266 1068 2280">
    <p class='ocr_par' dir='ltr' id='par_1_4' title="bbox 801 2266 1068 2280">
     <span class='ocr_line' id='line_1_17' title="bbox 801 2266 1068 2280; baseline -0.007 0"><span class='ocrx_word' id='word_1_127' title='bbox 801 2266 1068 2280; x_wconf 54' lang='lat' dir='ltr'><em>m</em></span> 
     </span>
    </p>
   </div>
   <div class='ocr_carea' id='block_1_5' title="bbox 898 2800 974 2870">
    <p class='ocr_par' dir='ltr' id='par_1_5' title="bbox 898 2800 974 2870">
     <span class='ocr_line' id='line_1_18' title="bbox 898 2800 974 2870; baseline 0.026 -2"><span class='ocrx_word' id='word_1_128' title='bbox 898 2800 974 2870; x_wconf 75' lang='lat'><strong>422.</strong></span> 
     </span>
    </p>
   </div>
   <div class='ocr_carea' id='block_1_6' title="bbox 366 2997 1489 3193">
    <p class='ocr_par' dir='ltr' id='par_1_6' title="bbox 366 2997 1489 3193">
     <span class='ocr_line' id='line_1_19' title="bbox 369 2997 1489 3088; baseline 0 -24"><span class='ocrx_word' id='word_1_129' title='bbox 369 2999 490 3066; x_wconf 69' lang='lat' dir='ltr'><strong>Mittor</strong></span> <span class='ocrx_word' id='word_1_130' title='bbox 505 2999 677 3066; x_wconf 69' lang='lat' dir='ltr'><strong>reddemur-t</strong></span> <span class='ocrx_word' id='word_1_131' title='bbox 688 3022 852 3088; x_wconf 77' lang='lat' dir='ltr'><strong>peronaeo</strong></span> <span class='ocrx_word' id='word_1_132' title='bbox 867 3025 888 3065; x_wconf 87' lang='lat' dir='ltr'><strong>a</strong></span> <span class='ocrx_word' id='word_1_133' title='bbox 898 3000 989 3085; x_wconf 71' lang='lat' dir='ltr'><strong>ptari</strong></span> <span class='ocrx_word' id='word_1_134' title='bbox 1019 3000 1246 3086; x_wconf 68' lang='lat' dir='ltr'><strong>triptolomeus,</strong></span> <span class='ocrx_word' id='word_1_135' title='bbox 1276 2999 1360 3086; x_wconf 74' lang='lat' dir='ltr'><strong>kopp</strong></span> <span class='ocrx_word' id='word_1_136' title='bbox 1391 2997 1489 3082; x_wconf 73' lang='lat' dir='ltr'><strong>Frtsp</strong></span> 
     </span>
     <span class='ocr_line' id='line_1_20' title="bbox 366 3103 1489 3193; baseline -0.002 -22"><span class='ocrx_word' id='word_1_137' title='bbox 366 3119 492 3173; x_wconf 77' lang='lat' dir='ltr'><strong>mesteat</strong></span> <span class='ocrx_word' id='word_1_138' title='bbox 507 3111 600 3192; x_wconf 77' lang='lat' dir='ltr'><strong>intre,</strong></span> <span class='ocrx_word' id='word_1_139' title='bbox 629 3109 791 3174; x_wconf 63' lang='lat' dir='ltr'><strong>misserunt</strong></span> <span class='ocrx_word' id='word_1_140' title='bbox 808 3115 840 3172; x_wconf 80' lang='lat' dir='ltr'><strong>er</strong></span> <span class='ocrx_word' id='word_1_141' title='bbox 871 3106 961 3174; x_wconf 78' lang='lat' dir='ltr'><strong>iikr&#39;o&#39;t</strong></span> <span class='ocrx_word' id='word_1_142' title='bbox 975 3107 1076 3193; x_wconf 83' lang='lat' dir='ltr'><strong>adjon</strong></span> <span class='ocrx_word' id='word_1_143' title='bbox 1091 3109 1196 3172; x_wconf 79' lang='lat' dir='ltr'><strong>vissae</strong></span> <span class='ocrx_word' id='word_1_144' title='bbox 1212 3103 1350 3173; x_wconf 65' lang='lat' dir='ltr'><strong>Keos-ue</strong></span> <span class='ocrx_word' id='word_1_145' title='bbox 1380 3103 1489 3171; x_wconf 58' lang='lat' dir='ltr'><strong>meod</strong></span> 
     </span>
    </p>
   </div>
   <div class='ocr_carea' id='block_1_7' title="bbox 703 3213 1172 3303">
    <p class='ocr_par' dir='ltr' id='par_1_7' title="bbox 703 3213 1172 3303">
     <span class='ocr_line' id='line_1_21' title="bbox 703 3213 1172 3303; baseline -0.004 -23"><span class='ocrx_word' id='word_1_146' title='bbox 703 3216 864 3300; x_wconf 73' lang='lat' dir='ltr'><strong>hoaoapha&#39;</strong></span> <span class='ocrx_word' id='word_1_147' title='bbox 878 3215 1039 3303; x_wconf 64' lang='lat' dir='ltr'><strong>adpeteret.</strong></span> <span class='ocrx_word' id='word_1_148' title='bbox 1073 3213 1172 3280; x_wconf 82' lang='lat'><em>1291.</em></span> 
     </span>
    </p>
   </div>
   <div class='ocr_carea' id='block_1_8' title="bbox 366 3403 1501 4576">
    <p class='ocr_par' dir='ltr' id='par_1_8' title="bbox 366 3403 1501 4576">
     <span class='ocr_line' id='line_1_22' title="bbox 477 3403 1494 3496; baseline -0.004 -20"><span class='ocrx_word' id='word_1_149' title='bbox 477 3408 600 3476; x_wconf 76' lang='lat' dir='ltr'><strong>Amiois</strong></span> <span class='ocrx_word' id='word_1_150' title='bbox 617 3408 736 3477; x_wconf 86' lang='lat' dir='ltr'><strong>nostris</strong></span> <span class='ocrx_word' id='word_1_151' title='bbox 760 3409 944 3478; x_wconf 82' lang='lat' dir='ltr'><strong>karissimis</strong></span> <span class='ocrx_word' id='word_1_152' title='bbox 971 3409 1122 3496; x_wconf 79' lang='lat' dir='ltr'><strong>Capitnlo</strong></span> <span class='ocrx_word' id='word_1_153' title='bbox 1153 3403 1494 3494; x_wconf 83' lang='lat' dir='ltr'><strong>Quioqneeoolesiensi</strong></span> 
     </span>
     <span class='ocr_line' id='line_1_23' title="bbox 370 3513 1497 3604; baseline -0.004 -20"><span class='ocrx_word' id='word_1_154' title='bbox 370 3518 526 3586; x_wconf 87' lang='lat' dir='ltr'><strong>Nioolaus</strong></span> <span class='ocrx_word' id='word_1_155' title='bbox 542 3517 721 3604; x_wconf 87' lang='lat' dir='ltr'><strong>Palatinus,</strong></span> <span class='ocrx_word' id='word_1_156' title='bbox 755 3517 870 3584; x_wconf 78' lang='lat' dir='ltr'><strong>Comes</strong></span> <span class='ocrx_word' id='word_1_157' title='bbox 889 3516 1113 3603; x_wconf 75' lang='lat' dir='ltr'><strong>Symigieosis,</strong></span> <span class='ocrx_word' id='word_1_158' title='bbox 1145 3517 1308 3599; x_wconf 83' lang='lat' dir='ltr'><strong>Albensis,</strong></span> <span class='ocrx_word' id='word_1_159' title='bbox 1340 3521 1374 3582; x_wconf 86' lang='lat' dir='ltr'><strong>et</strong></span> <span class='ocrx_word' id='word_1_160' title='bbox 1388 3513 1497 3582; x_wconf 86' lang='lat' dir='ltr'><strong>Judex</strong></span> 
     </span>
     <span class='ocr_line' id='line_1_24' title="bbox 366 3623 1499 3711; baseline -0.004 -19"><span class='ocrx_word' id='word_1_161' title='bbox 366 3627 585 3693; x_wconf 44' lang='lat' dir='ltr'><strong>wCumanorum</strong></span> <span class='ocrx_word' id='word_1_162' title='bbox 601 3623 783 3691; x_wconf 86' lang='lat' dir='ltr'><strong>amioioiam</strong></span> <span class='ocrx_word' id='word_1_163' title='bbox 798 3632 961 3711; x_wconf 81' lang='lat' dir='ltr'><strong>paratam.</strong></span> <span class='ocrx_word' id='word_1_164' title='bbox 995 3623 1237 3694; x_wconf 87' lang='lat' dir='ltr'><strong>Disereoiouem</strong></span> <span class='ocrx_word' id='word_1_165' title='bbox 1253 3631 1402 3692; x_wconf 83' lang='lat' dir='ltr'><strong>vestram</strong></span> <span class='ocrx_word' id='word_1_166' title='bbox 1420 3623 1499 3708; x_wconf 88' lang='lat' dir='ltr'><strong>peti·</strong></span> 
     </span>
     <span class='ocr_line' id='line_1_25' title="bbox 369 3729 1498 3820; baseline -0.004 -22"><span class='ocrx_word' id='word_1_167' title='bbox 369 3750 440 3798; x_wconf 88' lang='lat' dir='ltr'><strong>mus</strong></span> <span class='ocrx_word' id='word_1_168' title='bbox 456 3729 636 3818; x_wconf 88' lang='lat' dir='ltr'><strong>diiigenter,</strong></span> <span class='ocrx_word' id='word_1_169' title='bbox 666 3739 825 3818; x_wconf 85' lang='lat' dir='ltr'><strong>quatenus</strong></span> <span class='ocrx_word' id='word_1_170' title='bbox 840 3731 977 3800; x_wconf 86' lang='lat' dir='ltr'><strong>mittatis</strong></span> <span class='ocrx_word' id='word_1_171' title='bbox 992 3732 1157 3800; x_wconf 89' lang='lat' dir='ltr'><strong>hominum</strong></span> <span class='ocrx_word' id='word_1_172' title='bbox 1174 3751 1284 3820; x_wconf 85' lang='lat' dir='ltr'><strong>unum,</strong></span> <span class='ocrx_word' id='word_1_173' title='bbox 1313 3732 1369 3816; x_wconf 90' lang='lat' dir='ltr'><strong>qui</strong></span> <span class='ocrx_word' id='word_1_174' title='bbox 1398 3729 1498 3798; x_wconf 81' lang='lat' dir='ltr'><strong>undat</strong></span> 
     </span>
     <span class='ocr_line' id='line_1_26' title="bbox 368 3837 1500 3926; baseline 0 -21"><span class='ocrx_word' id='word_1_175' title='bbox 368 3839 411 3905; x_wconf 86' lang='lat' dir='ltr'><strong>ad</strong></span> <span class='ocrx_word' id='word_1_176' title='bbox 427 3839 619 3922; x_wconf 81' lang='lat' dir='ltr'><strong>Magistrum</strong></span> <span class='ocrx_word' id='word_1_177' title='bbox 636 3837 822 3925; x_wconf 85' lang='lat' dir='ltr'><strong>Philippum</strong></span> <span class='ocrx_word' id='word_1_178' title='bbox 840 3859 912 3908; x_wconf 89' lang='lat' dir='ltr'><strong>oum</strong></span> <span class='ocrx_word' id='word_1_179' title='bbox 929 3840 1058 3908; x_wconf 89' lang='lat' dir='ltr'><strong>homine</strong></span> <span class='ocrx_word' id='word_1_180' title='bbox 1073 3848 1214 3926; x_wconf 86' lang='lat' dir='ltr'><strong>quatuor</strong></span> <span class='ocrx_word' id='word_1_181' title='bbox 1229 3838 1384 3908; x_wconf 83' lang='lat' dir='ltr'><strong>Judieum</strong></span> <span class='ocrx_word' id='word_1_182' title='bbox 1401 3839 1500 3906; x_wconf 82' lang='lat' dir='ltr'><strong>Nobi·</strong></span> 
     </span>
     <span class='ocr_line' id='line_1_27' title="bbox 367 3943 1498 4032; baseline 0.004 -23"><span class='ocrx_word' id='word_1_183' title='bbox 367 3943 448 4010; x_wconf 88' lang='lat' dir='ltr'><strong>lium</strong></span> <span class='ocrx_word' id='word_1_184' title='bbox 464 3945 506 4011; x_wconf 88' lang='lat' dir='ltr'><strong>de</strong></span> <span class='ocrx_word' id='word_1_185' title='bbox 521 3944 663 4031; x_wconf 75' lang='lat' dir='ltr'><strong>Baiana,</strong></span> <span class='ocrx_word' id='word_1_186' title='bbox 682 3954 714 4012; x_wconf 89' lang='lat' dir='ltr'><strong>et</strong></span> <span class='ocrx_word' id='word_1_187' title='bbox 729 3945 818 4013; x_wconf 87' lang='lat' dir='ltr'><strong>dieat</strong></span> <span class='ocrx_word' id='word_1_188' title='bbox 833 3946 937 4014; x_wconf 87' lang='lat' dir='ltr'><strong>eidem</strong></span> <span class='ocrx_word' id='word_1_189' title='bbox 959 3948 1059 4015; x_wconf 87' lang='lat' dir='ltr'><strong>uerbo</strong></span> <span class='ocrx_word' id='word_1_190' title='bbox 1074 3955 1196 4032; x_wconf 87' lang='lat' dir='ltr'><strong>nostro,</strong></span> <span class='ocrx_word' id='word_1_191' title='bbox 1212 3945 1298 4032; x_wconf 84' lang='lat' dir='ltr'><strong>quod</strong></span> <span class='ocrx_word' id='word_1_192' title='bbox 1309 3953 1386 4014; x_wconf 86' lang='lat' dir='ltr'><strong>outo</strong></span> <span class='ocrx_word' id='word_1_193' title='bbox 1396 3949 1498 4014; x_wconf 83' lang='lat' dir='ltr'><strong>boues</strong></span> 
     </span>
     <span class='ocr_line' id='line_1_28' title="bbox 368 4049 1500 4141; baseline 0.002 -23"><span class='ocrx_word' id='word_1_194' title='bbox 368 4049 410 4118; x_wconf 87' lang='lat' dir='ltr'><strong>de</strong></span> <span class='ocrx_word' id='word_1_195' title='bbox 425 4051 555 4137; x_wconf 88' lang='lat' dir='ltr'><strong>populis</strong></span> <span class='ocrx_word' id='word_1_196' title='bbox 572 4055 719 4138; x_wconf 79' lang='lat' dir='ltr'><strong>Magistri</strong></span> <span class='ocrx_word' id='word_1_197' title='bbox 735 4053 884 4122; x_wconf 83' lang='lat' dir='ltr'><strong>Currardi</strong></span> <span class='ocrx_word' id='word_1_198' title='bbox 912 4055 953 4122; x_wconf 88' lang='lat' dir='ltr'><strong>de</strong></span> <span class='ocrx_word' id='word_1_199' title='bbox 983 4055 1066 4123; x_wconf 86' lang='lat' dir='ltr'><strong>viiia</strong></span> <span class='ocrx_word' id='word_1_200' title='bbox 1095 4055 1260 4140; x_wconf 83' lang='lat' dir='ltr'><strong>Hasough,</strong></span> <span class='ocrx_word' id='word_1_201' title='bbox 1292 4074 1372 4141; x_wconf 88' lang='lat' dir='ltr'><strong>quos</strong></span> <span class='ocrx_word' id='word_1_202' title='bbox 1409 4053 1500 4121; x_wconf 83' lang='lat' dir='ltr'><strong>eires</strong></span> 
     </span>
     <span class='ocr_line' id='line_1_29' title="bbox 368 4157 1500 4250; baseline 0.004 -28"><span class='ocrx_word' id='word_1_203' title='bbox 368 4157 483 4226; x_wconf 82' lang='lat' dir='ltr'><strong>festum</strong></span> <span class='ocrx_word' id='word_1_204' title='bbox 509 4159 603 4228; x_wconf 84' lang='lat' dir='ltr'><strong>Beati</strong></span> <span class='ocrx_word' id='word_1_205' title='bbox 628 4162 771 4230; x_wconf 82' lang='lat' dir='ltr'><strong>Mioaelis</strong></span> <span class='ocrx_word' id='word_1_206' title='bbox 797 4163 896 4250; x_wconf 87' lang='lat' dir='ltr'><strong>reeipi</strong></span> <span class='ocrx_word' id='word_1_207' title='bbox 913 4161 1000 4248; x_wconf 81' lang='lat' dir='ltr'><strong>feeit,</strong></span> <span class='ocrx_word' id='word_1_208' title='bbox 1032 4161 1134 4240; x_wconf 89' lang='lat' dir='ltr'><strong>eidem</strong></span> <span class='ocrx_word' id='word_1_209' title='bbox 1151 4163 1308 4246; x_wconf 84' lang='lat' dir='ltr'><strong>Magistro</strong></span> <span class='ocrx_word' id='word_1_210' title='bbox 1338 4159 1500 4230; x_wconf 72' lang='lat' dir='ltr'><strong>Cumarum</strong></span> 
     </span>
     <span class='ocr_line' id='line_1_30' title="bbox 368 4266 1498 4357; baseline 0.004 -26"><span class='ocrx_word' id='word_1_211' title='bbox 368 4266 461 4332; x_wconf 85' lang='lat' dir='ltr'><strong>reddi</strong></span> <span class='ocrx_word' id='word_1_212' title='bbox 477 4267 577 4334; x_wconf 82' lang='lat' dir='ltr'><strong>faeiat</strong></span> <span class='ocrx_word' id='word_1_213' title='bbox 592 4267 664 4338; x_wconf 90' lang='lat' dir='ltr'><strong>sine</strong></span> <span class='ocrx_word' id='word_1_214' title='bbox 679 4269 820 4357; x_wconf 88' lang='lat' dir='ltr'><strong>dampno</strong></span> <span class='ocrx_word' id='word_1_215' title='bbox 836 4273 921 4339; x_wconf 81' lang='lat' dir='ltr'><strong>iufra</strong></span> <span class='ocrx_word' id='word_1_216' title='bbox 937 4271 1095 4338; x_wconf 80' lang='lat' dir='ltr'><strong>decimum</strong></span> <span class='ocrx_word' id='word_1_217' title='bbox 1112 4271 1257 4355; x_wconf 87' lang='lat' dir='ltr'><strong>quintum</strong></span> <span class='ocrx_word' id='word_1_218' title='bbox 1274 4269 1360 4338; x_wconf 87' lang='lat' dir='ltr'><strong>diem</strong></span> <span class='ocrx_word' id='word_1_219' title='bbox 1377 4289 1404 4336; x_wconf 85' lang='lat' dir='ltr'><strong>a</strong></span> <span class='ocrx_word' id='word_1_220' title='bbox 1414 4287 1498 4337; x_wconf 73' lang='lat' dir='ltr'><strong>reae</strong></span> 
     </span>
     <span class='ocr_line' id='line_1_31' title="bbox 366 4374 1501 4463; baseline 0.002 -24"><span class='ocrx_word' id='word_1_221' title='bbox 366 4374 481 4459; x_wconf 87' lang='lat' dir='ltr'><strong>peione</strong></span> <span class='ocrx_word' id='word_1_222' title='bbox 511 4377 724 4459; x_wconf 88' lang='lat' dir='ltr'><strong>preseneinm.</strong></span> <span class='ocrx_word' id='word_1_223' title='bbox 762 4381 913 4463; x_wconf 85' lang='lat' dir='ltr'><strong>Alioquin</strong></span> <span class='ocrx_word' id='word_1_224' title='bbox 946 4377 1033 4446; x_wconf 87' lang='lat' dir='ltr'><strong>dieat</strong></span> <span class='ocrx_word' id='word_1_225' title='bbox 1065 4381 1166 4446; x_wconf 83' lang='lat' dir='ltr'><strong>eoiaru</strong></span> <span class='ocrx_word' id='word_1_226' title='bbox 1200 4376 1306 4445; x_wconf 90' lang='lat' dir='ltr'><strong>eidem</strong></span> <span class='ocrx_word' id='word_1_227' title='bbox 1338 4377 1501 4462; x_wconf 81' lang='lat' dir='ltr'><strong>Magistro</strong></span> 
     </span>
     <span class='ocr_line' id='line_1_32' title="bbox 375 4469 1497 4576; baseline 0 -26"><span class='ocrx_word' id='word_1_228' title='bbox 375 4480 535 4570; x_wconf 87' lang='lat' dir='ltr'><strong>Phiiippo,</strong></span> <span class='ocrx_word' id='word_1_229' title='bbox 568 4485 653 4576; x_wconf 88' lang='lat' dir='ltr'><strong>quod</strong></span> <span class='ocrx_word' id='word_1_230' title='bbox 669 4486 699 4552; x_wconf 89' lang='lat' dir='ltr'><strong>si</strong></span> <span class='ocrx_word' id='word_1_231' title='bbox 715 4505 809 4553; x_wconf 87' lang='lat' dir='ltr'><strong>seous</strong></span> <span class='ocrx_word' id='word_1_232' title='bbox 841 4486 961 4574; x_wconf 81' lang='lat' dir='ltr'><strong>iuuerit,</strong></span> <span class='ocrx_word' id='word_1_233' title='bbox 993 4492 1118 4555; x_wconf 80' lang='lat' dir='ltr'><strong>extumo·</strong></span> <span class='ocrx_word' id='word_1_234' title='bbox 1140 4469 1238 4575; x_wconf 84' lang='lat' dir='ltr'><strong>super</strong></span> <span class='ocrx_word' id='word_1_235' title='bbox 1268 4485 1497 4571; x_wconf 72' lang='lat' dir='ltr'><strong>possessione</strong></span> 
     </span>
    </p>
   </div>
   <div class='ocr_carea' id='block_1_9' title="bbox 0 0 1587 5200">
    <p class='ocr_par' dir='ltr' id='par_1_9' title="bbox 0 0 1587 5200">
     <span class='ocr_line' id='line_1_33' title="bbox 0 0 1587 5200; baseline 0 0"><span class='ocrx_word' id='word_1_236' title='bbox 0 0 1587 5200; x_wconf 95' lang='lat' dir='ltr'><strong> </strong></span> 
     </span>
    </p>
   </div>
  </div>
 </body>
</html>
