3162 5200
569 430 729 530 jsr-

108 645 168 694 mus
180 629 308 714 populos
324 625 464 713 predicti
481 624 637 712 Episcopi
652 631 685 692 ct
701 624 843 711 Capituli
868 625 1014 694 eiusdem
1046 626 1087 694 ab
1121 611 1217 696 exacss

108 733 184 802 cicae
197 735 327 804 collecte
343 740 470 822 septem
488 733 693 803 denariorum
720 733 761 800 de
792 733 997 821 plenitudine
1027 733 1214 819 graciarum

106 843 210 926 Regum
218 862 287 912 csse
302 839 555 910 misericorditer
571 840 738 909 absolutos
756 845 788 908 et
804 840 934 927 ponitus
951 841 1129 930 expeditos
1145 841 1214 910 Nos
1261 905 1265 910 .

12 947 23 1014 J.
106 949 199 1033 igitur,
228 951 283 1035 qui
299 949 452 1018 instituta
468 955 502 1017 et
516 948 762 1018 ordinacionem
779 947 919 1034 Regiam
935 946 1077 1019 fideliter
1112 948 1217 1017 obser-

12 1049 14 1130 }
106 1073 171 1122 rare
184 1058 337 1143 cupimus,
354 1058 397 1125 ab
412 1055 586 1126 exaccione
602 1054 688 1124 dicte
703 1054 843 1125 collecte
856 1063 982 1143 septem
1008 1055 1216 1125 denariorum

12 1141 14 1220 ῗ
106 1160 218 1232 omuino
232 1164 434 1233 cessavimus
451 1171 484 1232 et
513 1163 643 1251 penitus
673 1162 825 1232 duximus
857 1163 1089 1244 desistendum,
1121 1167 1219 1250 prout

12 1309 14 1360 ζ
104 1271 244 1352 premIssa
261 1271 463 1356 singulorum
479 1277 512 1338 et
527 1270 660 1358 singula
675 1269 907 1356 premissorum
921 1271 956 1338 in
972 1269 1154 1357 privilegiis
1185 1277 1218 1335 ct

12 1397 14 1470 3
103 1375 201 1444 litteris
235 1378 415 1462 Regalibos
452 1377 639 1464 capressina
675 1377 895 1448 continentur.
945 1375 1039 1444 Anno
1086 1375 1218 1445 Domini
1359 1383 1364 1393 ’

12 1533 14 1574 7
101 1482 302 1552 ndoaxxv.
324 1485 444 1554 Datum
475 1486 509 1551 in
542 1485 657 1553 Castro
688 1484 843 1578 Budensi,
876 1484 1021 1554 secundo
1053 1483 1111 1551 die
1140 1487 1219 1569 post

12 1605 14 1716 ἱ
101 1588 202 1660 sermm
215 1591 313 1660 Beati
327 1591 502 1660 laurencii
517 1593 669 1661 martiris.

101 1785 251 1852 mnata,
269 1789 454 1842 Monumenta
477 1791 545 1840 bist.
558 1791 747 1856 Episcopatus
761 1791 959 1858 Zagrsbiensis
983 1789 1006 1840 1.
1031 1787 1091 1840 not.
1107 1791 1166 1839 17⁷.
1190 1739 1229 1852 bi

534 2075 787 2086 ..-—--..—--—.-

582 2583 586 2592 '
623 2601 698 2668 rao.

95 2797 196 2868 docos
211 2800 396 2868 sclavonici
411 2799 540 2866 bdoaalt
556 2800 797 2884 beismeroeayc,
814 2801 897 2885 boqy
916 2799 932 2864 1
941 2799 975 2864 V.
986 2801 1103 2867 dezlo
1112 2803 1224 2889 kirdly

96 2909 180 2993 Fuya
196 2909 349 2993 bclpcdpet
370 2907 492 2972 Timete
505 2907 642 2993 zdprdbs'
651 2907 843 2992 perpetuet
860 2906 1105 2993 cdomdoyocta
1123 2910 1221 2978 1275.

198 3103 266 3171 Nos
298 3101 465 3170 Johonucs
496 3101 607 3170 &aas
638 3101 743 3168 tocius
769 3101 943 3169 Sclauonie
963 3101 1116 3170 memorie
1131 3123 1216 3172 com·

12 3257 14 3276 .
94 3208 283 3276 mandantes
300 3207 523 3294 significamus
539 3207 657 3292 quibus
673 3207 805 3295 expedit
830 3208 989 3278 universis
1021 3211 1224 3295 presentium

94 3334 149 3400 per
163 3322 318 3402 tenorem,
350 3314 438 3399 quod
471 3315 671 3384 venerabilia
702 3323 795 3402 pater
820 3315 971 3384 dominus
985 3315 1222 3404 Thymotbeus,

12 3493 13 3496 ,
94 3421 156 3491 Dei
173 3425 287 3508 gracia
316 3422 501 3508 Episcopus
531 3421 774 3510 Zagrabiensis,
808 3423 955 3492 exhibuit
984 3424 1079 3493 nobis
1112 3425 1223 3495 literas

12 3521 14 3614 ξ
95 3529 214 3601 domini
245 3531 348 3599 nostri
372 3529 531 3617 Ladislai,
547 3530 686 3602 illustris
705 3530 806 3618 Regis
820 3529 976 3616 Vngarie,
992 3532 1195 3600 continentes
1212 3557 1223 3599 :x

12 3629 14 3720 ζ
94 3637 178 3724 quod
192 3640 234 3706 ob
251 3639 368 3706 merita
383 3638 593 3708 seruiciorum
609 3639 753 3708 eiusdem
764 3637 885 3706 domini
895 3637 1049 3724 Episcopi
1058 3638 1224 3724 quandam

92 3755 208 3814 terram
238 3744 347 3813 Castri
371 3745 614 3831 Zagrabiensis,
635 3745 725 3834 ana
741 3752 902 3834 roccam,
918 3746 1018 3813 sitam
1034 3744 1095 3813 sub
1112 3753 1225 3814 castro
1350 3737 1356 3742 ’

12 3841 14 3860 ”
93 3853 237 3924 eiusdem
251 3852 376 3920 domini
392 3852 559 3940 Episcopi,
575 3853 620 3921 ad
635 3853 741 3941 ipsius
755 3853 951 3942 peticionem
969 3851 1081 3922 sibiet
1114 3855 1226 3922 Eccle-

12 3983 15 4060 3
95 3959 212 4031 sicano
243 3979 317 4030 curu
333 3961 485 4032 omnibus
517 3960 712 4031 utilitatibus
744 3967 777 4030 et
790 3959 1003 4049 pertinenciis
1035 3960 1104 4029 suis
1120 3963 1226 4045 possi·

12 4063 14 4068 ’
96 4068 233 4138 dendam
264 4072 337 4136 inre
366 4071 525 4154 perpetuo
565 4070 779 4159 contullisset,
805 4070 849 4138 ab
880 4069 969 4139 omui
1000 4066 1225 4138 iurisdictione

12 4181 13 4190 ³
96 4173 198 4244 Casiri
228 4176 462 4260 Zagrabieusis
492 4176 623 4264 penitus
656 4167 836 4245 eximendo.
869 4177 967 4245 (iuius
992 4171 1122 4260 quidem
1139 4180 1226 4244 terre

12 4293 14 4368 ξ
97 4284 303 4354 calamonem
318 4284 391 4371 ipae
410 4283 558 4354 &minus
584 4292 693 4354 noster
722 4287 793 4354 Rex
824 4284 928 4353 eclam
959 4302 1020 4354 suo
1052 4281 1226 4370 privilegio

12 4481 13 4484 ,
97 4395 323 4481 confirmasset,
355 4399 388 4461 ct
418 4393 621 4480 precipiebat
651 4393 745 4462 nobis
775 4393 810 4461 in
841 4393 967 4462 eisdem
1009 4391 1113 4461 literis
1144 4389 1225 4481 suis,

12 4571 13 4580 χ
29 4491 34 4504 '
99 4501 178 4581 quod
193 4501 355 4589 prefatam
370 4507 491 4570 terram
506 4503 596 4588 Faya
625 4502 730 4569 eidem
757 4501 889 4569 domino
918 4502 1078 4588 Episcopo
1104 4504 1137 4564 et
1166 4499 1226 4566 Eo·

72 4603 190 4680 olesie
228 4629 288 4678 sue
330 4608 421 4676 iusta
467 4609 515 4676 sui
563 4608 726 4695 privilegii
765 4609 1001 4677 continenciam
1043 4608 1227 4691 relinquere

100 4711 294 4786 deberemus.
345 4715 415 4784 Nos
452 4718 564 4803 itaque
602 4716 767 4786 mandatis
805 4715 927 4784 domiui
965 4716 1065 4800 Regis
1103 4717 1227 4783 obtem·

12 4801 17 4862 l

12 4907 317 5188 l'
