3160 5200
862 1171 938 1238 444.

334 1376 365 1444 A
377 1377 470 1463 ptooi
484 1375 640 1461 kdptulau
656 1375 724 1441 dtis·
740 1374 830 1440 Bilta
844 1371 1007 1456 bslysc'pre
1023 1367 1196 1433 uouotlrozd
1213 1364 1282 1432 nobb
1312 1366 1465 1451 oknednpt
1526 1446 1531 1455 Ι

463 1480 580 1548 Laenio
595 1503 703 1565 comm,
720 1456 959 1546 dbrabdmualc
968 1476 1021 1559 fia
1037 1480 1195 1542 szdmdro.
1229 1471 1329 1540 1293.

444 1711 602 1780 Nicolaus
618 1711 807 1797 Propositus
832 1715 866 1777 et
894 1706 1079 1794 Capitulum
1112 1704 1468 1793 Quinqueecolesiensis

339 1819 485 1890 sceleste
500 1817 649 1886 omnibus
665 1837 802 1905 presens
826 1815 984 1900 scriptum
1020 1814 1231 1882 cernentibus
1262 1812 1406 1880 salutem
1436 1812 1468 1877 in

339 1924 490 1995 Domino.
515 1924 566 1992 Ad
582 1924 806 1993 uniuersorum
822 1922 982 1990 noticiam
999 1922 1144 1990 volumus
1175 1919 1354 2006 peruenire,
1388 1916 1470 2002 quod

339 2029 466 2101 litteras
482 2030 605 2098 domini
620 2030 720 2114 Regis
736 2030 779 2097 de
814 2049 912 2098 manu
945 2027 1078 2096 Comitis
1110 2027 1260 2094 Ladiului
1292 2025 1379 2093 omni
1411 2045 1472 2108 quo

343 2137 453 2206 decuit
468 2137 656 2206 reuerentia
672 2138 843 2206 ethonore
859 2137 1046 2221 recepimus
1062 2135 1096 2200 in
1113 2136 1173 2202 beo
1189 2133 1310 2202 verba:
1525 2114 1529 2135 '

451 2245 601 2312 Andreas
629 2245 691 2311 Dei
722 2245 836 2330 gracia
870 2245 939 2311 Rex
973 2241 1140 2326 Hungaric
1170 2242 1231 2309 stb.
1264 2237 1474 2328 (kbretkesik

345 2349 885 2435 111.bndrekirslynnk1293·ki
921 2367 1094 2435 purancsn,
1126 2348 1207 2414 mint
1237 2348 1369 2416 fentcbb
1402 2353 1474 2418 440.
1525 2408 1530 2419 .

346 2465 437 2530 sstm
453 2455 558 2544 alatt.)
1525 2440 1531 2451 '

458 2563 614 2647 Idemque
629 2564 744 2631 Comes
761 2561 938 2631 Ladinlans
956 2561 1095 2652 [litteras
1111 2559 1253 2632 'nostras
1278 2564 1481 2632 memoriales

265 2693 268 2700 ⁴
351 2673 447 2741 nobis
463 2669 610 2737 exhibuit
625 2670 761 2738 sormam
776 2670 963 2739 huiusmodi
980 2670 1199 2739 continentes:

459 2778 529 2846 Nos
545 2777 731 2861 Capitulum
749 2771 1112 2862 Quinqueeoelesiensis
1129 2779 1277 2847 Ecclesia
1287 2780 1349 2846 stb.
1361 2779 1484 2866 libret·

240 2944 242 2953 .
353 2886 454 2956 ironiis
471 2903 492 2952 a
507 2885 598 2970 pensi
615 2885 845 2971 lstptalaunalr
865 2884 1243 2973 1291-kiem1cklerele,
1263 2885 1480 2953 mintlentebb
1533 2951 1534 2956 ,

356 2997 436 3063 427.
462 2995 550 3060 sutem
567 2989 673 3077 alstt.)
887 3063 891 3071 ¹

465 3099 620 3182 Idemque
637 3099 753 3166 Comes
769 3097 947 3166 Ladinlaus
964 3097 1048 3167 alias
1064 3099 1190 3167 litteras
1215 3105 1346 3166 nostrus
1370 3119 1482 3167 memo·

359 3207 457 3275 riolos
473 3203 567 3275 nobis
583 3202 731 3271 exhibuit
746 3205 779 3272 in
795 3204 855 3272 beo
870 3204 987 3272 verba:

467 3314 537 3379 Nos
554 3309 739 3396 Capitulum
755 3311 1347 3396 QuinqueecblesiensisEcclesiastb.
1366 3313 1486 3400 (booet-

360 3419 459 3490 kenilr
475 3439 495 3486 a
510 3417 597 3504 ptosi
614 3417 844 3504 lstptslannsk
866 3418 1006 3486 issi-ki
1023 3417 1248 3506 emltlrlevele,
1264 3420 1347 3486 mint
1362 3417 1486 3488 fentebb

226 3524 231 3532 ’
362 3530 439 3600 437.
454 3545 499 3593 sz.
516 3521 561 3611 a.)

473 3634 542 3700 Nos
567 3640 676 3698 autem
709 3633 870 3700 mandatis
904 3639 936 3699 et
970 3635 1135 3719 preceptis
1164 3636 1276 3721 Regijs
1307 3634 1491 3702 satisfacere
1535 3654 1538 3665 ·

369 3739 548 3824 cupientes,
578 3742 614 3804 ut
636 3757 686 3803 ex
715 3737 826 3806 debito
842 3744 875 3803 et
890 3758 935 3804 ex
955 3746 1030 3826 tolo,
1048 3739 1173 3806 litteras
1188 3739 1309 3806 domini
1333 3739 1430 3825 Regis
1460 3747 1491 3806 et

369 3847 508 3912 duarum
524 3842 670 3927 parcium
696 3842 823 3912 litteras
855 3851 989 3911 nostras
1020 3846 1226 3913 memoriales
1256 3866 1321 3913 non
1353 3848 1492 3932 abrasas,

376 3972 441 4018 non
459 3947 670 4036 cancellatas,
687 3969 752 4016 non
769 3949 919 4035 abolitas,
939 3971 1004 4017 non
1020 3950 1256 4037 interlineatas,
1271 3972 1340 4018 non
1355 3961 1497 4040 transpo-

369 4059 463 4144 sitas,
480 4057 589 4122 necin
605 4057 720 4139 aliquo
736 4055 786 4124 sui
804 4067 900 4141 parte
916 4057 1060 4128 viciatus
1079 4061 1150 4127 eius
1166 4061 1202 4126 in
1217 4059 1337 4148 sigillo,
1354 4060 1496 4128 dererbo

369 4164 412 4232 ad
431 4163 572 4249 verbum,
606 4168 638 4229 et
654 4162 695 4230 dc
710 4162 819 4233 littera
835 4163 879 4230 nd
895 4165 1038 4236 litteram
1058 4167 1201 4251 rescribi,
1235 4172 1268 4233 et
1297 4167 1495 4254 presentibus

372 4269 520 4354 sigillum
537 4275 681 4336 nostrum
713 4273 836 4356 apponi
868 4271 1008 4341 fecimus
1041 4273 1144 4342 eciam
1175 4273 1305 4342 iusticia
1335 4274 1497 4342 suadente.

373 4382 488 4446 Actum
507 4397 594 4443 anno
605 4377 734 4444 Domini
746 4379 917 4449 millesimo
933 4380 1163 4449 ducentesimo
1173 4381 1498 4468 nonagesimotercio,

374 4505 485 4553 mense
510 4483 603 4568 Julij.
643 4484 812 4572 Stephano
828 4487 979 4579 Castore,
1011 4488 1167 4557 Dionisio
1184 4489 1335 4579 Custode,
1368 4487 1498 4558 Nicolso

240 4637 244 4642 ·
374 4595 517 4680 Deouuo,
557 4594 737 4678 ceterisque
775 4616 872 4680 quam
913 4598 1064 4682 plurimis
1115 4599 1238 4668 ibidem
1287 4598 1504 4668 existentibus
