3190 5190
632 304 790 403 „1225-

163 509 263 571 essent
276 508 357 568 mete
373 507 490 587 terres,
504 501 651 586 superior
668 519 748 587 pars
764 499 871 587 stagni
888 507 974 568 esset
998 499 1169 586 Johannis,
1194 499 1293 570 infa-

167 611 224 678 rior
237 627 310 676 vero
326 628 402 694 pars
419 613 505 676 esset
520 609 666 676 Marcelli
697 606 756 692 filii
787 605 981 676 Salomonis.
1020 609 1103 674 Item
1133 627 1155 673 a
1185 613 1276 676 terra

161 716 310 785 Johamis
325 716 382 802 filij
399 716 528 785 dentreb
544 715 591 783 sio
608 724 818 805 separaretur
834 740 842 781 :
858 715 1016 803 ineiperet
1031 716 1124 782 iuxta
1148 715 1276 801 Zamos,

161 823 329 908 iratusque
344 823 388 892 ad
402 823 602 909 Megkerek3
626 829 775 910 preterea
790 823 852 891 iret
878 824 922 890 ad
952 821 1180 910 Almaskerek,
1212 842 1276 905 que

162 939 242 1000 esset
257 932 359 1019 ipsius
374 931 544 1018 iohannis,
560 933 616 998 nbi
633 938 742 1000 essent
773 932 836 1000 due
866 939 968 1014 mete;
992 930 1112 998 abhine
1143 930 1205 998 iret
1235 928 1281 996 ad

161 1037 263 1116 Kerek
277 1046 444 1126 stagnum,
460 1045 492 1106 et
508 1039 557 1107 sio
572 1046 658 1108 mete
673 1037 759 1109 dioto
783 1047 868 1109 terre
893 1040 1150 1107 terminarentur.
1191 1037 1278 1105 Obli-

161 1150 266 1228 gasset
279 1146 384 1214 esiam
412 1148 580 1232 sepefatus
604 1145 764 1232 Andreas,
796 1147 882 1231 quod
912 1145 1093 1231 quiounque
1125 1163 1278 1230 processu

159 1253 305 1336 temporis
320 1251 504 1320 Jolrannem
519 1253 700 1338 predictum
726 1252 858 1322 raoione
889 1250 1035 1338 prediote
1065 1257 1149 1318 terre
1178 1252 1279 1320 vellet

160 1361 339 1448 molestare,
356 1369 435 1429 tuno
449 1361 604 1447 expedire
620 1368 785 1432 teneretur
801 1362 863 1429 stb.
898 1360 1018 1429 Datum
1034 1358 1125 1427 Bude
1150 1366 1280 1445 septua-

159 1467 277 1552 gesimo
293 1467 347 1536 die
366 1474 554 1536 ootauarum
571 1468 648 1536 sesti
672 1467 930 1556 Epiphaniarum
955 1466 1087 1536 Domini
1119 1466 1279 1551 prediola-

163 1596 329 1644 rumando
346 1575 479 1646 Domini
496 1576 667 1646 millesimo
685 1576 983 1664 quadrigentesimo
998 1575 1161 1644 trioesimo
1171 1573 1281 1642 tercio.

359 1775 498 1834 (Eredetie
517 1789 534 1825 a
551 1777 635 1826 budai
653 1777 707 1826 kir.
727 1776 853 1827 kamarai
873 1775 1066 1837 levdltrtrhan.)

687 2591 763 2659 111.

156 2799 184 2856 A
201 2796 337 2882 rapitraa'
352 2792 580 2880 duptalaaaak
589 2792 737 2878 jelenta'se
753 2787 772 2853 l
782 2789 814 2858 V.
832 2791 950 2857 Leazlo
965 2792 1136 2876 loircilydoz
1160 2791 1289 2856 Kartha·

430 2902 478 2966 len
494 2901 620 2985 helyedp
638 2899 910 2985 hatdrjcirdsdodl.
926 2900 1020 2965 1274.

242 3094 530 3163 Excellentissimo
541 3094 671 3162 domino
681 3114 791 3162 eorum
801 3093 956 3161 Ladizlao
966 3096 1028 3162 Dei
1038 3095 1150 3179 grauia
1158 3095 1284 3163 Illustri

18 3221 20 3260 1
155 3202 234 3290 Regi
250 3201 423 3286 Hungarie
439 3202 621 3289 Capitulum
636 3201 785 3271 Eoolesie
801 3201 972 3270 Nitriensis
982 3202 1151 3270 orationes
1168 3203 1203 3268 in
1223 3201 1288 3268 Do-

18 3369 20 3412 ,
154 3311 240 3378 mino
251 3310 408 3379 assiduas
419 3316 452 3378 et
466 3309 610 3378 denotas.
619 3309 755 3378 Nouerit
767 3310 883 3378 Vestra
893 3310 1109 3389 Excellenoia
1121 3308 1206 3395 quod
1216 3328 1288 3376 oum

154 3438 211 3486 nos
242 3417 388 3502 reoeptis
419 3416 454 3483 iu
484 3416 600 3485 litteris
626 3415 792 3484 mandatis
808 3419 924 3486 vestris
944 3438 1015 3484 oum
1034 3416 1163 3486 homine
1178 3423 1287 3486 vestro

18 3521 20 3614 ξ
155 3525 299 3610 Symone
314 3521 384 3592 filio
409 3523 506 3612 Vyda
522 3524 564 3592 de
579 3523 699 3592 Saneto
710 3525 860 3593 Johanne
875 3525 917 3592 ad
933 3526 1199 3595 reambulandum
1218 3545 1289 3610 pos·

18 3635 20 3724 ξ
155 3632 338 3702 sessionem
354 3631 533 3700 Alexandri
550 3631 609 3718 filij
627 3631 710 3700 Zoth
727 3631 767 3700 de
798 3632 888 3718 Agar
917 3632 1098 3701 Kezthelen
1134 3641 1288 3722 uocatam,

18 3745 20 3832 j
154 3740 335 3807 diseretnm
362 3736 467 3806 uirum
496 3739 684 3824 Magistrum
709 3740 907 3809 Clementem
924 3738 1068 3808 Eoolesie
1083 3747 1191 3808 nostre
1207 3741 1286 3808 Leo-

18 3877 20 3948 1
156 3855 258 3914 torem
287 3847 597 3930 transmisissemus;
621 3848 721 3934 ijdem
737 3849 781 3916 ad
795 3869 854 3917 nos
870 3849 992 3917 reuersi
1008 3848 1102 3916 nobis
1127 3849 1290 3915 eonoordi-

18 3981 20 4034 g
155 3965 205 4019 ter
220 3953 416 4039 retulerunt,
447 3955 534 4039 quod
564 3955 629 4041 ipsi
659 3955 743 4024 feria
773 3955 874 4025 tertia
904 3959 1053 4043 proxima
1083 3963 1157 4040 post
1172 3957 1290 4024 festum

18 4077 20 4130 1
156 4061 335 4129 Beatornm
368 4059 513 4149 Philippi
543 4070 576 4130 et
606 4063 722 4132 Jaoobi
762 4065 989 4150 Apostolorum
1030 4065 1175 4149 proxime
1207 4085 1292 4152 nuno

18 4159 20 4180 '
157 4167 364 4254 preteritum,
396 4167 440 4234 ad
470 4168 587 4236 faeiem
619 4171 836 4255 possessionis
876 4171 1049 4237 Kezthelen
1091 4169 1290 4255 aecedentes,

157 4274 350 4343 oonnooatis
366 4273 485 4344 vicinis
503 4283 535 4344 et
551 4277 780 4345 commetaneis
796 4275 956 4364 omnibns,
973 4277 1078 4363 ipsam
1087 4276 1290 4345 reambulas-

157 4390 232 4450 sent
267 4388 301 4449 et
315 4385 508 4452 statuissent
539 4390 576 4453 ut
590 4403 682 4452 suam
713 4385 945 4454 hereditariam
976 4384 1039 4473 ipsi
1055 4385 1241 4454 Alexandro
1259 4395 1291 4454 et

158 4489 230 4557 suis
248 4489 422 4558 heredibus
438 4491 526 4559 nullo
543 4491 778 4562 eonuadietore
810 4495 972 4562 existente
1003 4499 1160 4580 perpetuo
1191 4493 1294 4577 possi-

161 4597 309 4663 dendam
342 4599 403 4664 sub
419 4598 513 4666 metis
530 4606 562 4667 et
577 4601 723 4669 terminis
738 4599 824 4670 infra
844 4602 964 4686 sriptis.
980 4599 1167 4688 Incipiendo
1183 4599 1299 4668 uideli-
