3160 5200
872 932 950 1000 449.

344 1129 376 1194 Α
389 1129 481 1216 ploni
495 1131 720 1218 kdptoloanak
745 1130 1024 1218 &conglorificanda
1049 1131 1131 1214 impp
1163 1129 1281 1194 amno
1314 1130 1475 1194 comesset

335 1239 406 1320 fiai
437 1235 596 1303 Barazda
628 1238 753 1325 helysep
777 1236 1017 1324 elfoplaiaieritril
1035 1235 1204 1301 eltiltottdle
1224 1233 1374 1300 Theclae
1389 1258 1482 1300 nea·

612 1344 775 1431 zetaeqbeli
792 1346 888 1408 Peter
904 1345 968 1408 brine
977 1343 1070 1426 finit.
1104 1343 1204 1406 1294.

450 1538 518 1606 Nos
548 1537 734 1625 Capitulum
765 1538 912 1606 Ecclesie
943 1533 1304 1624 Quinqaeecclesiensis
1319 1535 1474 1602 memorie

341 1643 603 1714 commendamus
619 1663 679 1729 per
694 1650 872 1729 presentes,
888 1641 974 1726 quod
991 1661 1064 1709 enm
1079 1643 1236 1726 Magister
1267 1643 1471 1710 Laureucius

341 1751 410 1818 'luz
442 1750 557 1836 dietus,
590 1759 623 1817 et
638 1751 739 1818 irater
771 1749 914 1818 eiusdem
946 1750 1103 1817 videlicet
1127 1749 1295 1834 Nicolaus,
1313 1748 1371 1831 filij
1388 1749 1474 1816 Petri

341 1859 426 1926 Beni
443 1856 483 1926 de
499 1878 619 1944 genero
635 1859 793 1927 Theohun
807 1877 904 1943 super
919 1857 1112 1942 quibusdam
1128 1857 1273 1941 negocije
1291 1877 1350 1923 seu
1376 1859 1474 1925 factis

342 1965 427 2032 inter
457 1965 649 2051 Magistrum
679 1965 861 2033 iohannem
892 1965 992 2030 filium
1010 1961 1145 2032 Comitis
1161 1963 1322 2050 Ladizlay
1337 1972 1371 2030 ct
1387 1964 1475 2049 ipsos

329 2072 479 2155 habitis,
495 2073 622 2142 litteras
652 2081 781 2142 nostres
813 2071 1105 2157 composicionales
1136 2071 1282 2140 emanari
1314 2072 1471 2138 fecisset:

339 2179 474 2248 tandem
505 2179 652 2265 Magistri
682 2181 839 2265 Philphus
868 2177 930 2266 (et)
961 2178 1146 2246 Demetrius
1171 2178 1228 2263 filij
1255 2177 1393 2246 Comitis
1408 2178 1470 2243 La-

324 2285 453 2373 ‘diuley
469 2287 529 2371 filij
548 2285 630 2354 Oleti
646 2306 755 2354 eoram
772 2287 866 2355 nobis
898 2285 1114 2369 personaliter
1143 2286 1321 2370 constituti,
1352 2293 1386 2351 et
1415 2301 1474 2370 per

342 2394 474 2462 eosdem
506 2394 706 2478 propositum
740 2395 847 2462 extitit
879 2394 1083 2461 oniformitcr
1098 2393 1220 2479 pariter
1237 2400 1270 2460 et
1286 2394 1420 2460 relatum
1436 2391 1471 2457 in

344 2499 430 2567 hunc
445 2497 591 2588 modum;
618 2501 705 2585 quod
721 2502 799 2568 licet
814 2503 899 2568 iuter
914 2500 1089 2590 predictos,
1104 2499 1260 2567 videlicet
1290 2498 1470 2566 iohannem

343 2603 446 2672 lilium
463 2606 599 2676 Oomitis
614 2608 779 2694 Ladinlay‚
797 2609 927 2676 fratrem
944 2609 1098 2694 ipsorum,
1116 2615 1148 2674 et
1163 2607 1378 2674 Laurentium
1403 2601 1471 2689 (ac)

345 2713 515 2780 Nicolaum
532 2714 616 2782 lilios
630 2716 718 2784 Petri
734 2716 830 2801 Beni,
848 2714 1068 2782 mediantibus
1084 2713 1201 2782 litteris
1221 2715 1345 2781 nostris
1374 2731 1471 2796 snper

345 2821 513 2906 premissis
528 2823 675 2909 negocijs
692 2823 788 2892 modo
805 2825 894 2891 dieto
911 2824 1105 2908 composicio
1125 2823 1212 2888 iacta
1228 2823 1396 2904 extitisset,
1412 2816 1468 2884 sed

345 2937 454 2994 tamen
472 2929 646 3014 quemlibet
662 2929 805 3016 ipsorum
821 2952 843 2998 a
858 2929 1065 3017 possessione
1079 2927 1234 2997 Barazda‘
1255 2933 1380 3010 uocata,
1410 2943 1468 3008 que

345 3034 499 3103 videlicet
529 3037 679 3105 Baranda
709 3042 842 3122 separat
872 3039 1096 3122 possessiones
1112 3035 1181 3103 Kas
1198 3041 1230 3100 et
1245 3032 1412 3118 Azynagh,
1426 3030 1467 3096 ab
1572 3063 1574 3134 ξ

345 3144 594 3232 intromissione,
634 3146 860 3231 occupacione,
902 3146 1079 3213 utilitatum
1128 3144 1345 3229 percepcione
1387 3138 1468 3204 idom

344 3251 492 3333 Magistri
523 3252 684 3337 Philphus
718 3252 777 3342 (et)
809 3253 993 3321 Demetrius
1009 3251 1095 3319 facie
1110 3250 1155 3318 ad
1172 3249 1288 3316 faciem
1306 3245 1469 3332 prohibue-

346 3366 433 3444 runt,
447 3364 480 3424 et
494 3358 695 3444 prohibendo
713 3358 990 3428 contradixerunt.
1008 3359 1126 3426 Datum
1142 3359 1177 3422 in
1203 3354 1321 3440 vigilia
1351 3351 1468 3420 Natiui-

345 3465 423 3532 tatis
453 3466 545 3532 Beati
575 3467 734 3534 Johannis
767 3469 916 3552 Baptiste
948 3487 1034 3534 anno
1065 3462 1193 3530 Domini
1219 3461 1388 3529 millesimo
1402 3453 1468 3522 (10ῦ

345 3571 559 3656 nonagosimo
576 3580 701 3658 quarto.

455 3681 589 3748 Krvul
608 3705 615 3746 :
632 3681 817 3749 Prohibicio
849 3687 881 3747 et
898 3679 1093 3766 protostaoio
1109 3699 1167 3764 per
1184 3678 1373 3762 Magistrum
1388 3669 1469 3737 Phil·

348 3787 432 3871 phus
448 3792 482 3854 ct
497 3791 696 3857 Demetrium
714 3789 802 3857 sacta
817 3796 929 3857 contra
941 3787 1067 3856 nobiles
1084 3787 1125 3854 de
1156 3781 1316 3872 Anynagh
1332 3790 1363 3849 et
1390 3777 1469 3844 alios

347 3894 582 3982 intrasoriptos.

350 4089 493 4154 (Ererietie
524 4088 707 4154 bttrhtrtyain,
740 4103 757 4140 a
788 4087 883 4154 pecset
914 4089 1066 4152 elveszett3
1098 4103 1115 4138 a
1147 4088 1233 4139 buoni
1265 4086 1319 4137 kir.
1350 4076 1477 4132 tenant

819 4176 1016 4241 levelttrban.)

786 4467 1053 4480 *W
