3102 5196
629 997 704 1067 325.

93 1199 125 1266 A
143 1201 301 1267 celanensi
316 1198 594 1284 kdztu‘roaoc'yualc
610 1197 774 1280 condolete,
798 1197 943 1283 mclylyal
963 1196 1076 1263 Quaero
1092 1197 1228 1284 eziqctdo

260 1332 299 1374 az
315 1310 424 1376 urani
439 1331 542 1376 coccea
557 1307 668 1374 dllcicu
684 1307 947 1392 ezahdlyoatatilc.
967 1307 1065 1372 1283.

207 1507 246 1570 lu
278 1504 340 1570 Dei
371 1503 502 1571 nomine
532 1521 636 1570 amen.
667 1501 764 1570 Anno
794 1501 964 1569 Dominioc
983 1501 1228 1572 Incarueciouis

90 1611 371 1681 MCGLXXXIII.
388 1610 441 1679 die
458 1612 494 1676 V.
512 1609 674 1694 Octobris,
691 1608 882 1677 duodecime
902 1609 1100 1698 indictionis,
1132 1618 1229 1697 capta

1 1721 3 1787 i
97 1723 163 1788 suit
195 1739 273 1804 pars
289 1721 324 1788 iu
349 1719 464 1787 Maiori
495 1718 640 1788 consilio
660 1719 869 1787 Venetiarum
887 1745 894 1788 :
912 1719 998 1804 quod
1015 1718 1229 1804 infrascripta

1 1847 2 1922 ζ
92 1827 275 1896 concordia
290 1834 432 1896 tractata
442 1828 635 1914 pernobiles
651 1827 737 1896 viros
750 1827 897 1895 dominos
908 1826 1098 1895 Michaelem
1116 1829 1227 1896 Dauno

1 1939 2 1982 i
92 1944 128 2005 et
144 1937 289 2002 Marcum
323 1935 454 2023 Bembo‚
488 1937 573 2003 iuter
604 1935 747 2004 nobilem
766 1937 870 2003 virum
887 1934 1052 2003 domiuum
1067 1936 1228 2006 Marinum

1 2101 3 2120 ,
92 2046 325 2112 llaurocenum
343 2045 500 2112 Comitem
516 2044 733 2113 Ausereusem
749 2065 791 2113 ex
808 2063 875 2110 una
893 2050 1006 2130 parte;
1031 2051 1064 2111 et
1078 2043 1226 2112 homines

92 2151 206 2218 Insule
231 2153 410 2221 Comitatus
425 2153 571 2220 eiusdem
589 2173 629 2220 cx
645 2154 759 2243 altera,
775 2159 807 2220 ct
823 2153 932 2222 omnia
948 2161 979 2219 et
995 2153 1128 2238 singula
1144 2151 1228 2220 infe·

92 2259 163 2329 rius
195 2280 387 2346 comprensa
421 2261 564 2330 debeant
599 2280 672 2330 esee
702 2263 806 2349 firma,
839 2269 871 2328 ct
901 2261 1025 2328 attendi
1062 2260 1228 2328 observari

1 2409 2 2443 ;
91 2367 164 2434 lieri
197 2375 229 2434 et
244 2367 399 2454 compleri
415 2375 481 2436 tam
499 2389 554 2454 per
571 2368 676 2455 ipsum
694 2366 863 2454 Comitem,
878 2369 914 2436 iu
930 2375 1086 2452 quantum
1102 2372 1229 2454 spectet

1 2509 2 2534 1
93 2477 139 2543 ad
155 2495 242 2562 eum,
273 2497 370 2562 quam
403 2497 460 2561 per
476 2477 623 2544 homines
641 2474 724 2546 dicte
741 2475 858 2563 insule,
875 2477 908 2544 iu
926 2483 1081 2560 quantum
1098 2481 1225 2563 spectet

92 2584 137 2650 ad
153 2584 245 2669 ipsos
260 2585 419 2652 homines.
451 2583 614 2670 Imprimis
647 2583 744 2652 debet
773 2584 895 2650 habere
926 2583 1078 2651 domiuus
1109 2583 1226 2653 (lomes

1 2767 2 2776 ἵ
93 2692 199 2760 libras
231 2691 356 2758 LXXX
387 2693 429 2760 ad
462 2712 584 2776 parvos
599 2691 687 2759 omni
703 2712 790 2759 anno
806 2711 908 2775 usque
923 2689 966 2758 ad
983 2693 1082 2759 vitam
1106 2689 1228 2759 domiui

1 2785 3 2838 5
94 2797 231 2866 Comitis
246 2819 306 2886 per
322 2806 453 2888 cattam,
476 2807 542 2864 tam
559 2799 586 2865 si
604 2798 769 2884 refutaret,
786 2819 881 2884 quam
898 2799 925 2865 si
958 2798 999 2865 da
1029 2799 1090 2866 hoc
1121 2799 1229 2866 seculo

1 2971 2 2977 ,
94 2907 355 2996 transmigraret,
382 2907 424 2975 de
439 2907 593 2976 omnibus
609 2907 727 2974 bannis
744 2917 775 2974 et
791 2905 1115 2974 condemnationibus
1132 2904 1231 2974 totius

1 3012 2 3061 ἶ
95 3014 212 3096 insule,
230 3034 294 3100 que
310 3015 419 3083 banne
436 3017 546 3082 omnia
564 3023 596 3082 et
611 3014 899 3083 condemnationes
917 3013 1058 3082 debeant
1084 3015 1232 3101 perveni-

1 3189 2 3209 ,
94 3141 132 3186 re
148 3121 183 3188 iu
200 3120 379 3190 Commune
406 3121 491 3192 dicte
522 3123 649 3206 insule3
673 3143 753 3206 quos
783 3122 936 3192 denarios
969 3122 1046 3190 dicti
1064 3122 1105 3189 de
1123 3122 1232 3190 insula

1 3257 2 3297 r
94 3230 222 3296 solvere
236 3235 408 3296 teneantur
423 3230 487 3316 ipsi
504 3229 634 3298 domiuo
645 3229 762 3298 domiti
778 3227 912 3297 veleius
931 3230 1060 3316 nuncio,
1077 3228 1231 3298 videlicet

1 3349 2 3444 ᾗ
94 3333 304 3404 medietatem
334 3339 367 3404 in
383 3336 490 3405 medio
521 3338 610 3423 anni,
628 3343 660 3404 et
675 3338 773 3404 aliam
792 3337 1000 3404 medictatem
1017 3337 1051 3402 iu
1066 3336 1130 3404 linc
1145 3337 1225 3405 ao'ui

96 3444 157 3511 sub
173 3465 262 3528 pena
276 3443 374 3532 tertii,
391 3443 512 3512 credito
527 3444 586 3514 soli
604 3446 702 3513 verbo
717 3445 820 3532 ipsius
831 3443 953 3512 domini
970 3443 1122 3529 Comitis3
1142 3451 1174 3513 et
1189 3443 1231 3512 de

1 3617 2 3620 ,
98 3549 160 3618 hoc
175 3551 247 3618 lieri
272 3551 391 3619 debeat
407 3553 572 3639 publicum
590 3554 847 3622 instrumentum.
864 3553 943 3620 ltem
961 3552 1080 3621 debeat
1104 3555 1226 3622 habere

1 3665 2 3726 t
100 3657 207 3727 dictus
225 3658 375 3728 domiuus
391 3659 507 3729 Comes
523 3661 566 3728 ad
590 3662 783 3730 solvendum
814 3661 941 3750 regalia
973 3660 1096 3728 domiui
1127 3662 1229 3732 Ducis

1 3759 2 3762 ’
98 3751 202 3836 libras
236 3767 458 3853 septingentas
489 3768 531 3834 ud
547 3768 698 3838 denarios
717 3789 774 3854 per
799 3788 947 3852 grossum
964 3769 1052 3838 omni
1069 3789 1168 3854 auno,
1182 3769 1230 3838 vi·

98 3855 219 3924 delicet
250 3856 458 3926 medietatem
491 3859 524 3927 in
550 3859 656 3927 medio
687 3860 774 3946 anni,
807 3866 839 3926 et
855 3860 954 3927 aliam
972 3859 1177 3929 medietatem
1195 3861 1229 3926 iu

98 3967 160 4034 ime
192 3964 282 4034 anni.
298 3964 342 4031 Et
372 3985 431 4050 pro
462 3965 514 4034 his
546 3967 691 4036 homines
722 3965 917 4034 dictelnsule
939 3967 1059 4036 habero
1091 3968 1233 4037 debeant

1 4063 2 4091 ³
98 4073 207 4142 omnia
217 4073 331 4154 seclia,
348 4093 459 4142 omnes
471 4079 587 4161 terres,
604 4073 753 4160 Muciam,
770 4093 882 4142 omues
904 4074 1027 4142 reditus
1040 4082 1072 4141 ct
1086 4074 1234 4158 intratos,

100 4182 156 4266 qni
188 4185 220 4250 et
236 4185 466 4266 que'spectant
497 4183 540 4248 ad
557 4181 678 4248 dictum
695 4183 898 4249 Comitatum.
925 4184 1005 4249 Item
1024 4183 1110 4266 quod
1127 4183 1232 4252 dictus

100 4288 214 4357 (lomes
247 4307 318 4356 cum
350 4288 535 4356 hominibus
568 4289 654 4356 dicte
684 4289 795 4355 Insulc
811 4288 932 4356 debeat
951 4290 1084 4357 Judicee
1102 4292 1234 4382 eligere,

100 4415 182 4480 qnos
202 4395 273 4482 ipse
303 4395 452 4464 domiuus
483 4393 597 4464 (lomes
629 4396 819 4465 confirmare
844 4394 970 4481 debeat,
1004 4397 1121 4465 stando
1154 4397 1233 4466 dicti

1 4527 2 4532 ¹
96 4505 226 4574 ludices
256 4505 291 4572 in
324 4524 384 4572 suo
415 4502 572 4588 regimine
603 4523 661 4589 per
691 4523 818 4571 manses
850 4510 975 4588 septem
998 4513 1030 4572 et
1048 4527 1111 4572 uon
1145 4506 1228 4593 plus,

99 4613 240 4699 regendo
256 4613 328 4701 ipse
344 4610 495 4684 dominus
513 4609 627 4681 (lomes
643 4611 766 4682 dictam
782 4611 928 4682 Insulam
946 4613 1121 4682 secundum
1148 4617 1234 4699 quod
