<?xml version="1.0" encoding="UTF-8"?>
<!DOCTYPE html PUBLIC "-//W3C//DTD XHTML 1.0 Transitional//EN"
    "http://www.w3.org/TR/xhtml1/DTD/xhtml1-transitional.dtd">
<html xmlns="http://www.w3.org/1999/xhtml" xml:lang="en" lang="en">
 <head>
  <title>
</title>
<meta http-equiv="Content-Type" content="text/html;charset=utf-8" />
  <meta name='ocr-system' content='tesseract 3.04.00' />
  <meta name='ocr-capabilities' content='ocr_page ocr_carea ocr_par ocr_line ocrx_word'/>
</head>
<body>
  <div class='ocr_page' id='page_1' title='image "./codexdiplomatic00wenzgoog_0241.png"; bbox 0 0 3162 5200; ppageno 0'>
   <div class='ocr_carea' id='block_1_1' title="bbox 20 589 1222 1222">
    <p class='ocr_par' dir='ltr' id='par_1_1' title="bbox 20 589 1222 1222">
     <span class='ocr_line' id='line_1_1' title="bbox 89 589 1199 682; baseline 0.007 -25"><span class='ocrx_word' id='word_1_1' title='bbox 89 593 129 657; x_wconf 88' lang='lat' dir='ltr'><strong>lus</strong></span> <span class='ocrx_word' id='word_1_2' title='bbox 140 589 287 674; x_wconf 76' lang='lat' dir='ltr'><strong>Regibus</strong></span> <span class='ocrx_word' id='word_1_3' title='bbox 304 589 458 676; x_wconf 80' lang='lat' dir='ltr'><strong>Vagarie,</strong></span> <span class='ocrx_word' id='word_1_4' title='bbox 475 589 662 660; x_wconf 80' lang='lat' dir='ltr'><strong>felicissime</strong></span> <span class='ocrx_word' id='word_1_5' title='bbox 688 593 934 681; x_wconf 77' lang='lat' dir='ltr'><strong>recordacionis,</strong></span> <span class='ocrx_word' id='word_1_6' title='bbox 958 596 1150 682; x_wconf 76' lang='lat' dir='ltr'><strong>reliquisset,</strong></span> <span class='ocrx_word' id='word_1_7' title='bbox 1167 605 1199 665; x_wconf 88' lang='lat' dir='ltr'><strong>et</strong></span> 
     </span>
     <span class='ocr_line' id='line_1_2' title="bbox 20 696 1197 790; baseline 0.007 -25"><span class='ocrx_word' id='word_1_8' title='bbox 20 705 22 752; x_wconf 74' lang='lat' dir='ltr'><strong>t</strong></span> <span class='ocrx_word' id='word_1_9' title='bbox 89 696 198 765; x_wconf 85' lang='lat' dir='ltr'><strong>cosdem</strong></span> <span class='ocrx_word' id='word_1_10' title='bbox 229 697 299 764; x_wconf 91' lang='lat' dir='ltr'><strong>sinc</strong></span> <span class='ocrx_word' id='word_1_11' title='bbox 315 697 425 782; x_wconf 85' lang='lat' dir='ltr'><strong>aliqua</strong></span> <span class='ocrx_word' id='word_1_12' title='bbox 451 697 672 767; x_wconf 78' lang='lat' dir='ltr'><strong>imbecillitate</strong></span> <span class='ocrx_word' id='word_1_13' title='bbox 697 720 867 786; x_wconf 89' lang='lat' dir='ltr'><strong>corporum</strong></span> <span class='ocrx_word' id='word_1_14' title='bbox 886 702 919 766; x_wconf 92' lang='lat' dir='ltr'><strong>in</strong></span> <span class='ocrx_word' id='word_1_15' title='bbox 937 701 1022 768; x_wconf 90' lang='lat' dir='ltr'><strong>bona</strong></span> <span class='ocrx_word' id='word_1_16' title='bbox 1037 707 1197 790; x_wconf 89' lang='lat' dir='ltr'><strong>sospitate</strong></span> 
     </span>
     <span class='ocr_line' id='line_1_3' title="bbox 88 803 1197 892; baseline 0.007 -21"><span class='ocrx_word' id='word_1_17' title='bbox 88 809 301 890; x_wconf 77' lang='lat' dir='ltr'><strong>conservasset,</strong></span> <span class='ocrx_word' id='word_1_18' title='bbox 331 805 435 872; x_wconf 88' lang='lat' dir='ltr'><strong>donec</strong></span> <span class='ocrx_word' id='word_1_19' title='bbox 464 803 562 872; x_wconf 88' lang='lat' dir='ltr'><strong>iidem</strong></span> <span class='ocrx_word' id='word_1_20' title='bbox 589 805 658 874; x_wconf 88' lang='lat' dir='ltr'><strong>Deo</strong></span> <span class='ocrx_word' id='word_1_21' title='bbox 690 809 832 892; x_wconf 89' lang='lat' dir='ltr'><strong>propicio</strong></span> <span class='ocrx_word' id='word_1_22' title='bbox 863 815 896 876; x_wconf 91' lang='lat' dir='ltr'><strong>et</strong></span> <span class='ocrx_word' id='word_1_23' title='bbox 925 809 1038 876; x_wconf 87' lang='lat' dir='ltr'><strong>sudem</strong></span> <span class='ocrx_word' id='word_1_24' title='bbox 1070 812 1197 879; x_wconf 87' lang='lat' dir='ltr'><strong>volente</strong></span> 
     </span>
     <span class='ocr_line' id='line_1_4' title="bbox 86 913 1194 1006; baseline 0.007 -28"><span class='ocrx_word' id='word_1_25' title='bbox 86 918 180 980; x_wconf 88' lang='lat' dir='ltr'><strong>nature</strong></span> <span class='ocrx_word' id='word_1_26' title='bbox 211 913 369 979; x_wconf 85' lang='lat' dir='ltr'><strong>debitum·</strong></span> <span class='ocrx_word' id='word_1_27' title='bbox 388 913 629 998; x_wconf 75' lang='lat' dir='ltr'><strong>persolvissent,</strong></span> <span class='ocrx_word' id='word_1_28' title='bbox 662 935 701 980; x_wconf 89' lang='lat' dir='ltr'><strong>ac</strong></span> <span class='ocrx_word' id='word_1_29' title='bbox 717 913 843 981; x_wconf 91' lang='lat' dir='ltr'><strong>demum</strong></span> <span class='ocrx_word' id='word_1_30' title='bbox 864 915 951 982; x_wconf 86' lang='lat' dir='ltr'><strong>circa</strong></span> <span class='ocrx_word' id='word_1_31' title='bbox 966 923 1109 984; x_wconf 90' lang='lat' dir='ltr'><strong>nostram</strong></span> <span class='ocrx_word' id='word_1_32' title='bbox 1127 941 1194 1006; x_wconf 87' lang='lat' dir='ltr'><strong>prc-</strong></span> 
     </span>
     <span class='ocr_line' id='line_1_5' title="bbox 86 1019 1196 1107; baseline 0.007 -21"><span class='ocrx_word' id='word_1_33' title='bbox 86 1019 288 1087; x_wconf 86' lang='lat' dir='ltr'><strong>servacionem</strong></span> <span class='ocrx_word' id='word_1_34' title='bbox 305 1025 463 1088; x_wconf 82' lang='lat' dir='ltr'><strong>cicurum</strong></span> <span class='ocrx_word' id='word_1_35' title='bbox 480 1041 551 1086; x_wconf 89' lang='lat' dir='ltr'><strong>cum</strong></span> <span class='ocrx_word' id='word_1_36' title='bbox 568 1023 655 1088; x_wconf 88' lang='lat' dir='ltr'><strong>omni</strong></span> <span class='ocrx_word' id='word_1_37' title='bbox 681 1023 808 1090; x_wconf 80' lang='lat' dir='ltr'><strong>fervore</strong></span> <span class='ocrx_word' id='word_1_38' title='bbox 839 1022 1006 1091; x_wconf 86' lang='lat' dir='ltr'><strong>fidelitatis</strong></span> <span class='ocrx_word' id='word_1_39' title='bbox 1038 1027 1196 1107; x_wconf 88' lang='lat' dir='ltr'><strong>periciam</strong></span> 
     </span>
     <span class='ocr_line' id='line_1_6' title="bbox 20 1035 1222 1222; baseline 0.007 -29"><span class='ocrx_word' id='word_1_40' title='bbox 20 1035 29 1214; x_wconf 38' lang='lat' dir='ltr'><strong>l</strong></span> <span class='ocrx_word' id='word_1_41' title='bbox 85 1146 125 1194; x_wconf 89' lang='lat' dir='ltr'><strong>sue</strong></span> <span class='ocrx_word' id='word_1_42' title='bbox 155 1125 236 1193; x_wconf 89' lang='lat' dir='ltr'><strong>artis</strong></span> <span class='ocrx_word' id='word_1_43' title='bbox 269 1126 456 1194; x_wconf 80' lang='lat' dir='ltr'><strong>exiluisset.</strong></span> <span class='ocrx_word' id='word_1_44' title='bbox 488 1127 557 1195; x_wconf 86' lang='lat' dir='ltr'><strong>Nos</strong></span> <span class='ocrx_word' id='word_1_45' title='bbox 587 1128 641 1212; x_wconf 91' lang='lat' dir='ltr'><strong>qui</strong></span> <span class='ocrx_word' id='word_1_46' title='bbox 659 1149 700 1195; x_wconf 85' lang='lat' dir='ltr'><strong>ex</strong></span> <span class='ocrx_word' id='word_1_47' title='bbox 731 1129 837 1196; x_wconf 87' lang='lat' dir='ltr'><strong>olliclo</strong></span> <span class='ocrx_word' id='word_1_48' title='bbox 869 1133 1013 1215; x_wconf 90' lang='lat' dir='ltr'><strong>suscepti</strong></span> <span class='ocrx_word' id='word_1_49' title='bbox 1029 1134 1222 1222; x_wconf 84' lang='lat' dir='ltr'><strong>regiminis¹</strong></span> 
     </span>
    </p>
   </div>
   <div class='ocr_carea' id='block_1_2' title="bbox 20 397 710 814">
    <p class='ocr_par' dir='ltr' id='par_1_2' title="bbox 20 397 710 814">
     <span class='ocr_line' id='line_1_7' title="bbox 117 397 657 464; baseline -0.009 0"><span class='ocrx_word' id='word_1_50' title='bbox 117 455 120 464; x_wconf 89' lang='lat'><em>.</em></span> <span class='ocrx_word' id='word_1_51' title='bbox 406 439 407 445; x_wconf 10' lang='grc' dir='ltr'><strong><em>Ν</em></strong></span> <span class='ocrx_word' id='word_1_52' title='bbox 596 397 657 461; x_wconf 81' lang='lat' dir='ltr'><strong>uu</strong></span> 
     </span>
     <span class='ocr_line' id='line_1_8' title="bbox 20 403 710 586; baseline -0.001 -83"><span class='ocrx_word' id='word_1_53' title='bbox 20 403 29 586; x_wconf 62' lang='lat' dir='ltr'><strong>l</strong></span> <span class='ocrx_word' id='word_1_54' title='bbox 553 489 710 502; x_wconf 33' lang='grc' dir='ltr'><strong>..Μ</strong></span> 
     </span>
     <span class='ocr_line' id='line_1_9' title="bbox 20 763 23 814; baseline 0 0"><span class='ocrx_word' id='word_1_55' title='bbox 20 763 23 814; x_wconf 82' lang='grc' dir='ltr'>ι</span> 
     </span>
    </p>
   </div>
   <div class='ocr_carea' id='block_1_3' title="bbox 20 1234 1266 2833">
    <p class='ocr_par' dir='ltr' id='par_1_3' title="bbox 20 1234 1266 2833">
     <span class='ocr_line' id='line_1_10' title="bbox 86 1234 1194 1321; baseline 0.006 -21"><span class='ocrx_word' id='word_1_56' title='bbox 86 1235 176 1302; x_wconf 88' lang='lat' dir='ltr'><strong>metiri</strong></span> <span class='ocrx_word' id='word_1_57' title='bbox 191 1234 347 1302; x_wconf 88' lang='lat' dir='ltr'><strong>debemus</strong></span> <span class='ocrx_word' id='word_1_58' title='bbox 358 1236 472 1302; x_wconf 88' lang='lat' dir='ltr'><strong>merita</strong></span> <span class='ocrx_word' id='word_1_59' title='bbox 483 1235 692 1320; x_wconf 77' lang='lat' dir='ltr'><strong>singulorum,</strong></span> <span class='ocrx_word' id='word_1_60' title='bbox 713 1245 746 1304; x_wconf 88' lang='lat' dir='ltr'><strong>et</strong></span> <span class='ocrx_word' id='word_1_61' title='bbox 754 1237 926 1321; x_wconf 88' lang='lat' dir='ltr'><strong>unicuique</strong></span> <span class='ocrx_word' id='word_1_62' title='bbox 937 1239 1027 1306; x_wconf 87' lang='lat' dir='ltr'><strong>iuxta</strong></span> <span class='ocrx_word' id='word_1_63' title='bbox 1047 1241 1194 1308; x_wconf 90' lang='lat' dir='ltr'><strong>meritum</strong></span> 
     </span>
     <span class='ocr_line' id='line_1_11' title="bbox 84 1342 1196 1428; baseline 0.013 -20"><span class='ocrx_word' id='word_1_64' title='bbox 84 1342 290 1428; x_wconf 83' lang='lat' dir='ltr'><strong>respondere;</strong></span> <span class='ocrx_word' id='word_1_65' title='bbox 322 1343 536 1411; x_wconf 86' lang='lat' dir='ltr'><strong>consideratis</strong></span> <span class='ocrx_word' id='word_1_66' title='bbox 565 1343 692 1410; x_wconf 82' lang='lat' dir='ltr'><strong>eximiis</strong></span> <span class='ocrx_word' id='word_1_67' title='bbox 724 1343 944 1413; x_wconf 86' lang='lat' dir='ltr'><strong>tidelidatibus</strong></span> <span class='ocrx_word' id='word_1_68' title='bbox 976 1355 1008 1414; x_wconf 90' lang='lat' dir='ltr'><strong>et</strong></span> <span class='ocrx_word' id='word_1_69' title='bbox 1023 1349 1196 1422; x_wconf 78' lang='lat' dir='ltr'><strong>meritoriis</strong></span> 
     </span>
     <span class='ocr_line' id='line_1_12' title="bbox 84 1450 1195 1539; baseline 0.005 -20"><span class='ocrx_word' id='word_1_70' title='bbox 84 1451 233 1536; x_wconf 85' lang='lat' dir='ltr'><strong>obsequiis</strong></span> <span class='ocrx_word' id='word_1_71' title='bbox 252 1451 357 1535; x_wconf 89' lang='lat' dir='ltr'><strong>ipsius</strong></span> <span class='ocrx_word' id='word_1_72' title='bbox 390 1451 536 1535; x_wconf 84' lang='lat' dir='ltr'><strong>Magistri</strong></span> <span class='ocrx_word' id='word_1_73' title='bbox 568 1450 718 1537; x_wconf 79' lang='lat' dir='ltr'><strong>Gerardi,</strong></span> <span class='ocrx_word' id='word_1_74' title='bbox 750 1453 904 1538; x_wconf 86' lang='lat' dir='ltr'><strong>predictis</strong></span> <span class='ocrx_word' id='word_1_75' title='bbox 935 1455 1195 1539; x_wconf 76' lang='lat' dir='ltr'><strong>progenitoribus</strong></span> 
     </span>
     <span class='ocr_line' id='line_1_13' title="bbox 83 1556 1197 1647; baseline 0.004 -23"><span class='ocrx_word' id='word_1_76' title='bbox 83 1558 189 1626; x_wconf 87' lang='lat' dir='ltr'><strong>uostris</strong></span> <span class='ocrx_word' id='word_1_77' title='bbox 220 1563 253 1624; x_wconf 92' lang='lat' dir='ltr'><strong>et</strong></span> <span class='ocrx_word' id='word_1_78' title='bbox 267 1559 362 1625; x_wconf 89' lang='lat' dir='ltr'><strong>nobis</strong></span> <span class='ocrx_word' id='word_1_79' title='bbox 391 1556 614 1624; x_wconf 86' lang='lat' dir='ltr'><strong>indesinenter</strong></span> <span class='ocrx_word' id='word_1_80' title='bbox 633 1558 764 1626; x_wconf 81' lang='lat' dir='ltr'><strong>exibitis</strong></span> <span class='ocrx_word' id='word_1_81' title='bbox 795 1567 828 1626; x_wconf 90' lang='lat' dir='ltr'><strong>et</strong></span> <span class='ocrx_word' id='word_1_82' title='bbox 845 1559 1003 1646; x_wconf 88' lang='lat' dir='ltr'><strong>inpensis,</strong></span> <span class='ocrx_word' id='word_1_83' title='bbox 1020 1580 1083 1644; x_wconf 90' lang='lat' dir='ltr'><strong>que</strong></span> <span class='ocrx_word' id='word_1_84' title='bbox 1098 1562 1197 1647; x_wconf 80' lang='lat' dir='ltr'><strong>longa</strong></span> 
     </span>
     <span class='ocr_line' id='line_1_14' title="bbox 20 1665 1197 1756; baseline 0.001 -23"><span class='ocrx_word' id='word_1_85' title='bbox 20 1693 26 1756; x_wconf 59' lang='grc' dir='ltr'><strong><em>ς</em></strong></span> <span class='ocrx_word' id='word_1_86' title='bbox 84 1667 177 1733; x_wconf 81' lang='lat' dir='ltr'><strong>esent</strong></span> <span class='ocrx_word' id='word_1_87' title='bbox 193 1665 344 1732; x_wconf 86' lang='lat' dir='ltr'><strong>ennarari</strong></span> <span class='ocrx_word' id='word_1_88' title='bbox 361 1685 418 1752; x_wconf 88' lang='lat' dir='ltr'><strong>per</strong></span> <span class='ocrx_word' id='word_1_89' title='bbox 444 1665 575 1750; x_wconf 81' lang='lat' dir='ltr'><strong>singula</strong></span> <span class='ocrx_word' id='word_1_90' title='bbox 591 1685 650 1734; x_wconf 91' lang='lat' dir='ltr'><strong>suo</strong></span> <span class='ocrx_word' id='word_1_91' title='bbox 680 1667 785 1755; x_wconf 91' lang='lat' dir='ltr'><strong>modo,</strong></span> <span class='ocrx_word' id='word_1_92' title='bbox 807 1668 840 1734; x_wconf 90' lang='lat' dir='ltr'><strong>in</strong></span> <span class='ocrx_word' id='word_1_93' title='bbox 872 1668 1047 1752; x_wconf 89' lang='lat' dir='ltr'><strong>aliqualem</strong></span> <span class='ocrx_word' id='word_1_94' title='bbox 1077 1689 1197 1737; x_wconf 88' lang='lat' dir='ltr'><strong>recom-</strong></span> 
     </span>
     <span class='ocr_line' id='line_1_15' title="bbox 20 1759 1197 1862; baseline 0.002 -20"><span class='ocrx_word' id='word_1_95' title='bbox 20 1759 25 1806; x_wconf 54' lang='lat' dir='ltr'>f</span> <span class='ocrx_word' id='word_1_96' title='bbox 85 1773 300 1859; x_wconf 88' lang='lat' dir='ltr'><strong>pensacicnem</strong></span> <span class='ocrx_word' id='word_1_97' title='bbox 325 1774 534 1841; x_wconf 85' lang='lat' dir='ltr'><strong>serviciorum</strong></span> <span class='ocrx_word' id='word_1_98' title='bbox 555 1795 697 1862; x_wconf 90' lang='lat' dir='ltr'><strong>suorum,</strong></span> <span class='ocrx_word' id='word_1_99' title='bbox 713 1797 784 1842; x_wconf 90' lang='lat' dir='ltr'><strong>cum</strong></span> <span class='ocrx_word' id='word_1_100' title='bbox 801 1777 901 1843; x_wconf 90' lang='lat' dir='ltr'><strong>multo</strong></span> <span class='ocrx_word' id='word_1_101' title='bbox 918 1779 1010 1860; x_wconf 87' lang='lat' dir='ltr'><strong>plura</strong></span> <span class='ocrx_word' id='word_1_102' title='bbox 1025 1782 1058 1843; x_wconf 88' lang='lat' dir='ltr'><strong>et</strong></span> <span class='ocrx_word' id='word_1_103' title='bbox 1073 1777 1197 1846; x_wconf 90' lang='lat' dir='ltr'><strong>maiora</strong></span> 
     </span>
     <span class='ocr_line' id='line_1_16' title="bbox 82 1879 1198 1968; baseline 0.006 -21"><span class='ocrx_word' id='word_1_104' title='bbox 82 1883 238 1952; x_wconf 85' lang='lat' dir='ltr'><strong>debuisset</strong></span> <span class='ocrx_word' id='word_1_105' title='bbox 265 1887 451 1968; x_wconf 82' lang='lat' dir='ltr'><strong>promereri,</strong></span> <span class='ocrx_word' id='word_1_106' title='bbox 483 1879 647 1966; x_wconf 85' lang='lat' dir='ltr'><strong>quandam</strong></span> <span class='ocrx_word' id='word_1_107' title='bbox 679 1889 796 1950; x_wconf 87' lang='lat' dir='ltr'><strong>terram</strong></span> <span class='ocrx_word' id='word_1_108' title='bbox 828 1884 933 1950; x_wconf 79' lang='lat' dir='ltr'><strong>Gaslri</strong></span> <span class='ocrx_word' id='word_1_109' title='bbox 965 1884 1198 1968; x_wconf 82' lang='lat' dir='ltr'><strong>Zagrabiensis</strong></span> 
     </span>
     <span class='ocr_line' id='line_1_17' title="bbox 82 1990 1195 2079; baseline 0.004 -24"><span class='ocrx_word' id='word_1_110' title='bbox 82 1990 201 2058; x_wconf 80' lang='lat' dir='ltr'><strong>lumea</strong></span> <span class='ocrx_word' id='word_1_111' title='bbox 231 1994 392 2074; x_wconf 87' lang='lat' dir='ltr'><strong>vocatam,</strong></span> <span class='ocrx_word' id='word_1_112' title='bbox 408 2008 449 2054; x_wconf 85' lang='lat' dir='ltr'><strong>ex</strong></span> <span class='ocrx_word' id='word_1_113' title='bbox 473 1995 563 2056; x_wconf 90' lang='lat' dir='ltr'><strong>certa</strong></span> <span class='ocrx_word' id='word_1_114' title='bbox 585 1991 728 2058; x_wconf 88' lang='lat' dir='ltr'><strong>sciencia</strong></span> <span class='ocrx_word' id='word_1_115' title='bbox 743 1996 775 2059; x_wconf 89' lang='lat' dir='ltr'><strong>et</strong></span> <span class='ocrx_word' id='word_1_116' title='bbox 790 2009 881 2058; x_wconf 85' lang='lat' dir='ltr'><strong>mera</strong></span> <span class='ocrx_word' id='word_1_117' title='bbox 896 1990 1105 2079; x_wconf 86' lang='lat' dir='ltr'><strong>liberalitate,</strong></span> <span class='ocrx_word' id='word_1_118' title='bbox 1122 2012 1195 2060; x_wconf 92' lang='lat' dir='ltr'><strong>cum</strong></span> 
     </span>
     <span class='ocr_line' id='line_1_18' title="bbox 81 2095 1193 2186; baseline 0.002 -22"><span class='ocrx_word' id='word_1_119' title='bbox 81 2098 220 2164; x_wconf 88' lang='lat' dir='ltr'><strong>omnibus</strong></span> <span class='ocrx_word' id='word_1_120' title='bbox 236 2095 430 2165; x_wconf 78' lang='lat' dir='ltr'><strong>utilitatibus</strong></span> <span class='ocrx_word' id='word_1_121' title='bbox 445 2096 524 2178; x_wconf 88' lang='lat' dir='ltr'><strong>suis,</strong></span> <span class='ocrx_word' id='word_1_122' title='bbox 545 2098 648 2165; x_wconf 91' lang='lat' dir='ltr'><strong>vineis</strong></span> <span class='ocrx_word' id='word_1_123' title='bbox 672 2097 830 2185; x_wconf 87' lang='lat' dir='ltr'><strong>videlicet,</strong></span> <span class='ocrx_word' id='word_1_124' title='bbox 864 2099 1067 2186; x_wconf 88' lang='lat' dir='ltr'><strong>molendinis,</strong></span> <span class='ocrx_word' id='word_1_125' title='bbox 1100 2099 1193 2168; x_wconf 90' lang='lat' dir='ltr'><strong>silvis</strong></span> 
     </span>
     <span class='ocr_line' id='line_1_19' title="bbox 80 2204 1197 2292; baseline 0.004 -22"><span class='ocrx_word' id='word_1_126' title='bbox 80 2204 185 2273; x_wconf 68' lang='lat' dir='ltr'><strong>fenam</strong></span> <span class='ocrx_word' id='word_1_127' title='bbox 215 2211 251 2273; x_wconf 88' lang='lat' dir='ltr'><strong>et</strong></span> <span class='ocrx_word' id='word_1_128' title='bbox 262 2205 337 2272; x_wconf 83' lang='lat' dir='ltr'><strong>aliis</strong></span> <span class='ocrx_word' id='word_1_129' title='bbox 368 2205 576 2291; x_wconf 87' lang='lat' dir='ltr'><strong>pertinenciis</strong></span> <span class='ocrx_word' id='word_1_130' title='bbox 605 2205 674 2274; x_wconf 88' lang='lat' dir='ltr'><strong>suis</strong></span> <span class='ocrx_word' id='word_1_131' title='bbox 704 2206 875 2292; x_wconf 90' lang='lat' dir='ltr'><strong>universis,</strong></span> <span class='ocrx_word' id='word_1_132' title='bbox 906 2205 1012 2274; x_wconf 87' lang='lat' dir='ltr'><strong>eidem</strong></span> <span class='ocrx_word' id='word_1_133' title='bbox 1039 2207 1197 2292; x_wconf 79' lang='lat' dir='ltr'><strong>Magistro</strong></span> 
     </span>
     <span class='ocr_line' id='line_1_20' title="bbox 80 2312 1197 2402; baseline 0.001 -23"><span class='ocrx_word' id='word_1_134' title='bbox 80 2312 219 2381; x_wconf 79' lang='lat' dir='ltr'><strong>(letardo</strong></span> <span class='ocrx_word' id='word_1_135' title='bbox 245 2319 279 2382; x_wconf 88' lang='lat' dir='ltr'><strong>et</strong></span> <span class='ocrx_word' id='word_1_136' title='bbox 310 2334 369 2400; x_wconf 87' lang='lat' dir='ltr'><strong>per</strong></span> <span class='ocrx_word' id='word_1_137' title='bbox 399 2333 471 2380; x_wconf 88' lang='lat' dir='ltr'><strong>eum</strong></span> <span class='ocrx_word' id='word_1_138' title='bbox 503 2314 571 2380; x_wconf 89' lang='lat' dir='ltr'><strong>suis</strong></span> <span class='ocrx_word' id='word_1_139' title='bbox 602 2313 785 2402; x_wconf 86' lang='lat' dir='ltr'><strong>heredibus,</strong></span> <span class='ocrx_word' id='word_1_140' title='bbox 816 2313 1037 2398; x_wconf 87' lang='lat' dir='ltr'><strong>heredumque</strong></span> <span class='ocrx_word' id='word_1_141' title='bbox 1067 2335 1197 2384; x_wconf 89' lang='lat' dir='ltr'><strong>snorum</strong></span> 
     </span>
     <span class='ocr_line' id='line_1_21' title="bbox 79 2419 1266 2510; baseline 0.001 -21"><span class='ocrx_word' id='word_1_142' title='bbox 79 2421 309 2490; x_wconf 84' lang='lat' dir='ltr'><strong>successoribus</strong></span> <span class='ocrx_word' id='word_1_143' title='bbox 340 2420 499 2508; x_wconf 87' lang='lat' dir='ltr'><strong>dedimus,</strong></span> <span class='ocrx_word' id='word_1_144' title='bbox 531 2420 722 2489; x_wconf 86' lang='lat' dir='ltr'><strong>donavimus</strong></span> <span class='ocrx_word' id='word_1_145' title='bbox 738 2429 771 2490; x_wconf 88' lang='lat' dir='ltr'><strong>et</strong></span> <span class='ocrx_word' id='word_1_146' title='bbox 786 2423 980 2492; x_wconf 81' lang='lat' dir='ltr'><strong>contudimus</strong></span> <span class='ocrx_word' id='word_1_147' title='bbox 996 2422 1067 2490; x_wconf 91' lang='lat' dir='ltr'><strong>inre</strong></span> <span class='ocrx_word' id='word_1_148' title='bbox 1083 2439 1197 2510; x_wconf 86' lang='lat' dir='ltr'><strong>perpe·</strong></span> <span class='ocrx_word' id='word_1_149' title='bbox 1260 2419 1266 2432; x_wconf 87' lang='lat'>&#39;</span> 
     </span>
     <span class='ocr_line' id='line_1_22' title="bbox 80 2528 1198 2616; baseline -0.001 -18"><span class='ocrx_word' id='word_1_150' title='bbox 80 2541 128 2598; x_wconf 91' lang='lat' dir='ltr'><strong>tuo</strong></span> <span class='ocrx_word' id='word_1_151' title='bbox 143 2537 175 2598; x_wconf 88' lang='lat' dir='ltr'><strong>et</strong></span> <span class='ocrx_word' id='word_1_152' title='bbox 189 2529 449 2598; x_wconf 76' lang='lat' dir='ltr'><strong>irrevocabiliter</strong></span> <span class='ocrx_word' id='word_1_153' title='bbox 470 2528 722 2616; x_wconf 67' lang='lat' dir='ltr'><strong>possidendam</strong></span> <span class='ocrx_word' id='word_1_154' title='bbox 747 2535 841 2615; x_wconf 89' lang='lat' dir='ltr'><strong>prout</strong></span> <span class='ocrx_word' id='word_1_155' title='bbox 866 2531 969 2598; x_wconf 87' lang='lat' dir='ltr'><strong>eciam</strong></span> <span class='ocrx_word' id='word_1_156' title='bbox 1000 2529 1082 2598; x_wconf 89' lang='lat' dir='ltr'><strong>illud</strong></span> <span class='ocrx_word' id='word_1_157' title='bbox 1111 2529 1198 2599; x_wconf 87' lang='lat' dir='ltr'><strong>idem</strong></span> 
     </span>
     <span class='ocr_line' id='line_1_23' title="bbox 77 2636 1195 2725; baseline 0.002 -21"><span class='ocrx_word' id='word_1_158' title='bbox 77 2642 103 2704; x_wconf 92' lang='lat' dir='ltr'><strong>in</strong></span> <span class='ocrx_word' id='word_1_159' title='bbox 117 2641 216 2725; x_wconf 91' lang='lat' dir='ltr'><strong>priorl</strong></span> <span class='ocrx_word' id='word_1_160' title='bbox 248 2637 418 2725; x_wconf 82' lang='lat' dir='ltr'><strong>privilegio</strong></span> <span class='ocrx_word' id='word_1_161' title='bbox 443 2645 550 2706; x_wconf 89' lang='lat' dir='ltr'><strong>nostro</strong></span> <span class='ocrx_word' id='word_1_162' title='bbox 566 2636 682 2705; x_wconf 86' lang='lat' dir='ltr'><strong>exinde</strong></span> <span class='ocrx_word' id='word_1_163' title='bbox 698 2637 845 2706; x_wconf 86' lang='lat' dir='ltr'><strong>conlecto</strong></span> <span class='ocrx_word' id='word_1_164' title='bbox 862 2636 987 2723; x_wconf 84' lang='lat' dir='ltr'><strong>plenius</strong></span> <span class='ocrx_word' id='word_1_165' title='bbox 1004 2637 1195 2722; x_wconf 86' lang='lat' dir='ltr'><strong>continetur,</strong></span> 
     </span>
     <span class='ocr_line' id='line_1_24' title="bbox 78 2745 1197 2833; baseline -0.004 -17"><span class='ocrx_word' id='word_1_166' title='bbox 78 2757 105 2816; x_wconf 87' lang='lat' dir='ltr'><strong>et</strong></span> <span class='ocrx_word' id='word_1_167' title='bbox 118 2749 219 2833; x_wconf 90' lang='lat' dir='ltr'><strong>ipsum</strong></span> <span class='ocrx_word' id='word_1_168' title='bbox 238 2745 431 2830; x_wconf 80' lang='lat' dir='ltr'><strong>Magistrum</strong></span> <span class='ocrx_word' id='word_1_169' title='bbox 463 2745 643 2813; x_wconf 80' lang='lat' dir='ltr'><strong>Gerardnm</strong></span> <span class='ocrx_word' id='word_1_170' title='bbox 663 2746 698 2813; x_wconf 92' lang='lat' dir='ltr'><strong>in</strong></span> <span class='ocrx_word' id='word_1_171' title='bbox 729 2747 929 2832; x_wconf 80' lang='lat' dir='ltr'><strong>corporalem</strong></span> <span class='ocrx_word' id='word_1_172' title='bbox 960 2746 1197 2832; x_wconf 88' lang='lat' dir='ltr'><strong>possessionem</strong></span> 
     </span>
    </p>
   </div>
   <div class='ocr_carea' id='block_1_4' title="bbox 77 2853 1330 2942">
    <p class='ocr_par' dir='ltr' id='par_1_4' title="bbox 77 2853 1330 2942">
     <span class='ocr_line' id='line_1_25' title="bbox 77 2853 1330 2942; baseline -0.002 -22"><span class='ocrx_word' id='word_1_173' title='bbox 77 2854 156 2923; x_wconf 89' lang='lat' dir='ltr'><strong>dicte</strong></span> <span class='ocrx_word' id='word_1_174' title='bbox 182 2863 277 2942; x_wconf 86' lang='lat' dir='ltr'><strong>terre,</strong></span> <span class='ocrx_word' id='word_1_175' title='bbox 307 2853 453 2941; x_wconf 86' lang='lat' dir='ltr'><strong>consilio,</strong></span> <span class='ocrx_word' id='word_1_176' title='bbox 483 2855 645 2940; x_wconf 83' lang='lat' dir='ltr'><strong>evasione,</strong></span> <span class='ocrx_word' id='word_1_177' title='bbox 678 2855 844 2921; x_wconf 89' lang='lat' dir='ltr'><strong>voluntate</strong></span> <span class='ocrx_word' id='word_1_178' title='bbox 867 2860 899 2921; x_wconf 89' lang='lat' dir='ltr'><strong>et</strong></span> <span class='ocrx_word' id='word_1_179' title='bbox 918 2873 1077 2922; x_wconf 90' lang='lat' dir='ltr'><strong>consensu</strong></span> <span class='ocrx_word' id='word_1_180' title='bbox 1100 2853 1198 2920; x_wconf 80' lang='lat' dir='ltr'><strong>lolia·</strong></span> <span class='ocrx_word' id='word_1_181' title='bbox 1327 2881 1330 2891; x_wconf 69' lang='lat'><strong>,</strong></span> 
     </span>
    </p>
   </div>
   <div class='ocr_carea' id='block_1_5' title="bbox 26 2961 1201 4788">
    <p class='ocr_par' dir='ltr' id='par_1_5' title="bbox 26 2961 1201 4788">
     <span class='ocr_line' id='line_1_26' title="bbox 76 2961 1193 3048; baseline -0.004 -19"><span class='ocrx_word' id='word_1_182' title='bbox 76 2965 163 3048; x_wconf 87' lang='lat' dir='ltr'><strong>cbyni</strong></span> <span class='ocrx_word' id='word_1_183' title='bbox 195 2963 280 3030; x_wconf 89' lang='lat' dir='ltr'><strong>Bani</strong></span> <span class='ocrx_word' id='word_1_184' title='bbox 313 2963 417 3031; x_wconf 90' lang='lat' dir='ltr'><strong>tocius</strong></span> <span class='ocrx_word' id='word_1_185' title='bbox 449 2961 632 3031; x_wconf 86' lang='lat' dir='ltr'><strong>Sclaucnie.</strong></span> <span class='ocrx_word' id='word_1_186' title='bbox 665 2961 777 3030; x_wconf 91' lang='lat' dir='ltr'><strong>dilecti</strong></span> <span class='ocrx_word' id='word_1_187' title='bbox 810 2968 841 3029; x_wconf 90' lang='lat' dir='ltr'><strong>ct</strong></span> <span class='ocrx_word' id='word_1_188' title='bbox 867 2961 974 3030; x_wconf 90' lang='lat' dir='ltr'><strong>fidelis</strong></span> <span class='ocrx_word' id='word_1_189' title='bbox 1004 2961 1114 3046; x_wconf 91' lang='lat' dir='ltr'><strong>nostri,</strong></span> <span class='ocrx_word' id='word_1_190' title='bbox 1135 2979 1193 3045; x_wconf 93' lang='lat' dir='ltr'><strong>per</strong></span> 
     </span>
     <span class='ocr_line' id='line_1_27' title="bbox 78 3069 1195 3162; baseline 0 -27"><span class='ocrx_word' id='word_1_191' title='bbox 78 3069 261 3162; x_wconf 75' lang='lat' dir='ltr'><strong>Magistrum</strong></span> <span class='ocrx_word' id='word_1_192' title='bbox 293 3071 508 3160; x_wconf 81' lang='lat' dir='ltr'><strong>lilaniredum,</strong></span> <span class='ocrx_word' id='word_1_193' title='bbox 541 3069 704 3137; x_wconf 88' lang='lat' dir='ltr'><strong>hominem</strong></span> <span class='ocrx_word' id='word_1_194' title='bbox 735 3075 890 3154; x_wconf 89' lang='lat' dir='ltr'><strong>nostrum,</strong></span> <span class='ocrx_word' id='word_1_195' title='bbox 921 3071 981 3136; x_wconf 93' lang='lat' dir='ltr'><strong>sub</strong></span> <span class='ocrx_word' id='word_1_196' title='bbox 1011 3069 1195 3136; x_wconf 88' lang='lat' dir='ltr'><strong>testimonio</strong></span> 
     </span>
     <span class='ocr_line' id='line_1_28' title="bbox 80 3177 1198 3266; baseline -0.005 -20"><span class='ocrx_word' id='word_1_197' title='bbox 80 3177 216 3266; x_wconf 80' lang='lat' dir='ltr'><strong>Capituli</strong></span> <span class='ocrx_word' id='word_1_198' title='bbox 248 3179 479 3264; x_wconf 79' lang='lat' dir='ltr'><strong>Zagrahiensis</strong></span> <span class='ocrx_word' id='word_1_199' title='bbox 512 3179 699 3246; x_wconf 88' lang='lat' dir='ltr'><strong>convocatis</strong></span> <span class='ocrx_word' id='word_1_200' title='bbox 731 3177 880 3246; x_wconf 91' lang='lat' dir='ltr'><strong>omnibus</strong></span> <span class='ocrx_word' id='word_1_201' title='bbox 910 3177 1140 3244; x_wconf 86' lang='lat' dir='ltr'><strong>commetancis</strong></span> <span class='ocrx_word' id='word_1_202' title='bbox 1167 3183 1198 3244; x_wconf 89' lang='lat' dir='ltr'><strong>et</strong></span> 
     </span>
     <span class='ocr_line' id='line_1_29' title="bbox 81 3284 1200 3384; baseline 0 -32"><span class='ocrx_word' id='word_1_203' title='bbox 81 3287 188 3354; x_wconf 84' lang='lat' dir='ltr'><strong>ricinis</strong></span> <span class='ocrx_word' id='word_1_204' title='bbox 219 3287 435 3375; x_wconf 85' lang='lat' dir='ltr'><strong>presentibus,</strong></span> <span class='ocrx_word' id='word_1_205' title='bbox 466 3294 498 3353; x_wconf 90' lang='lat' dir='ltr'><strong>ct</strong></span> <span class='ocrx_word' id='word_1_206' title='bbox 523 3287 604 3372; x_wconf 87' lang='lat' dir='ltr'><strong>ipsis</strong></span> <span class='ocrx_word' id='word_1_207' title='bbox 636 3305 676 3353; x_wconf 91' lang='lat' dir='ltr'><strong>ac</strong></span> <span class='ocrx_word' id='word_1_208' title='bbox 706 3287 780 3354; x_wconf 81' lang='lat' dir='ltr'><strong>aliis</strong></span> <span class='ocrx_word' id='word_1_209' title='bbox 810 3307 873 3354; x_wconf 91' lang='lat' dir='ltr'><strong>non</strong></span> <span class='ocrx_word' id='word_1_210' title='bbox 906 3284 1200 3384; x_wconf 75' lang='lat' dir='ltr'><strong>contradicentibus</strong></span> 
     </span>
     <span class='ocr_line' id='line_1_30' title="bbox 80 3393 1198 3481; baseline 0.003 -22"><span class='ocrx_word' id='word_1_211' title='bbox 80 3394 205 3464; x_wconf 87' lang='lat' dir='ltr'><strong>lecimus</strong></span> <span class='ocrx_word' id='word_1_212' title='bbox 235 3395 417 3481; x_wconf 72' lang='lat' dir='ltr'><strong>introduci,</strong></span> <span class='ocrx_word' id='word_1_213' title='bbox 441 3398 561 3462; x_wconf 89' lang='lat' dir='ltr'><strong>terram</strong></span> <span class='ocrx_word' id='word_1_214' title='bbox 593 3395 729 3462; x_wconf 87' lang='lat' dir='ltr'><strong>eandem</strong></span> <span class='ocrx_word' id='word_1_215' title='bbox 756 3413 777 3460; x_wconf 92' lang='lat' dir='ltr'><strong>a</strong></span> <span class='ocrx_word' id='word_1_216' title='bbox 806 3393 1033 3463; x_wconf 87' lang='lat' dir='ltr'><strong>iurisdicclone</strong></span> <span class='ocrx_word' id='word_1_217' title='bbox 1063 3394 1198 3463; x_wconf 77' lang='lat' dir='ltr'><strong>Comitis</strong></span> 
     </span>
     <span class='ocr_line' id='line_1_31' title="bbox 80 3502 1199 3588; baseline 0.004 -21"><span class='ocrx_word' id='word_1_218' title='bbox 80 3502 312 3588; x_wconf 82' lang='lat' dir='ltr'><strong>Zagrabiensis,</strong></span> <span class='ocrx_word' id='word_1_219' title='bbox 329 3510 362 3570; x_wconf 88' lang='lat' dir='ltr'><strong>et</strong></span> <span class='ocrx_word' id='word_1_220' title='bbox 392 3503 574 3571; x_wconf 81' lang='lat' dir='ltr'><strong>marturinis</strong></span> <span class='ocrx_word' id='word_1_221' title='bbox 590 3523 631 3571; x_wconf 87' lang='lat' dir='ltr'><strong>ac</strong></span> <span class='ocrx_word' id='word_1_222' title='bbox 646 3503 790 3571; x_wconf 86' lang='lat' dir='ltr'><strong>collectis</strong></span> <span class='ocrx_word' id='word_1_223' title='bbox 820 3503 961 3586; x_wconf 86' lang='lat' dir='ltr'><strong>antiquis</strong></span> <span class='ocrx_word' id='word_1_224' title='bbox 977 3523 1035 3570; x_wconf 88' lang='lat' dir='ltr'><strong>seu</strong></span> <span class='ocrx_word' id='word_1_225' title='bbox 1054 3503 1096 3571; x_wconf 91' lang='lat' dir='ltr'><strong>de</strong></span> <span class='ocrx_word' id='word_1_226' title='bbox 1112 3525 1199 3571; x_wconf 93' lang='lat' dir='ltr'><strong>novo</strong></span> 
     </span>
     <span class='ocr_line' id='line_1_32' title="bbox 30 3610 1196 3699; baseline 0 -22"><span class='ocrx_word' id='word_1_227' title='bbox 30 3668 34 3677; x_wconf 95' lang='lat'>.</span> <span class='ocrx_word' id='word_1_228' title='bbox 79 3611 221 3696; x_wconf 88' lang='lat' dir='ltr'><strong>inpositis</strong></span> <span class='ocrx_word' id='word_1_229' title='bbox 237 3618 270 3679; x_wconf 90' lang='lat' dir='ltr'><strong>ct</strong></span> <span class='ocrx_word' id='word_1_230' title='bbox 284 3610 490 3699; x_wconf 89' lang='lat' dir='ltr'><strong>inponendis,</strong></span> <span class='ocrx_word' id='word_1_231' title='bbox 507 3618 540 3680; x_wconf 88' lang='lat' dir='ltr'><strong>ct</strong></span> <span class='ocrx_word' id='word_1_232' title='bbox 555 3618 682 3698; x_wconf 89' lang='lat' dir='ltr'><strong>septum</strong></span> <span class='ocrx_word' id='word_1_233' title='bbox 698 3610 842 3678; x_wconf 83' lang='lat' dir='ltr'><strong>denariis</strong></span> <span class='ocrx_word' id='word_1_234' title='bbox 858 3613 974 3680; x_wconf 91' lang='lat' dir='ltr'><strong>annuis</strong></span> <span class='ocrx_word' id='word_1_235' title='bbox 991 3613 1081 3679; x_wconf 88' lang='lat' dir='ltr'><strong>Banu</strong></span> <span class='ocrx_word' id='word_1_236' title='bbox 1107 3610 1196 3678; x_wconf 89' lang='lat' dir='ltr'><strong>debl-</strong></span> 
     </span>
     <span class='ocr_line' id='line_1_33' title="bbox 79 3717 1197 3806; baseline -0.002 -20"><span class='ocrx_word' id='word_1_237' title='bbox 79 3717 125 3806; x_wconf 87' lang='lat' dir='ltr'><strong>tis,</strong></span> <span class='ocrx_word' id='word_1_238' title='bbox 134 3719 318 3790; x_wconf 91' lang='lat' dir='ltr'><strong>omnimode</strong></span> <span class='ocrx_word' id='word_1_239' title='bbox 330 3727 363 3788; x_wconf 90' lang='lat' dir='ltr'><strong>et</strong></span> <span class='ocrx_word' id='word_1_240' title='bbox 372 3719 524 3806; x_wconf 90' lang='lat' dir='ltr'><strong>plenarie,</strong></span> <span class='ocrx_word' id='word_1_241' title='bbox 535 3719 676 3787; x_wconf 88' lang='lat' dir='ltr'><strong>omnium</strong></span> <span class='ocrx_word' id='word_1_242' title='bbox 685 3719 847 3786; x_wconf 80' lang='lat' dir='ltr'><strong>Beronum</strong></span> <span class='ocrx_word' id='word_1_243' title='bbox 865 3727 1044 3788; x_wconf 88' lang='lat' dir='ltr'><strong>nostrorum</strong></span> <span class='ocrx_word' id='word_1_244' title='bbox 1061 3717 1197 3786; x_wconf 91' lang='lat' dir='ltr'><strong>consilio</strong></span> 
     </span>
     <span class='ocr_line' id='line_1_34' title="bbox 81 3825 1198 3916; baseline -0.003 -23"><span class='ocrx_word' id='word_1_245' title='bbox 81 3827 241 3897; x_wconf 84' lang='lat' dir='ltr'><strong>eximendo</strong></span> <span class='ocrx_word' id='word_1_246' title='bbox 258 3835 291 3896; x_wconf 89' lang='lat' dir='ltr'><strong>et</strong></span> <span class='ocrx_word' id='word_1_247' title='bbox 301 3829 429 3916; x_wconf 88' lang='lat' dir='ltr'><strong>penitus</strong></span> <span class='ocrx_word' id='word_1_248' title='bbox 445 3826 625 3896; x_wconf 86' lang='lat' dir='ltr'><strong>liberando.</strong></span> <span class='ocrx_word' id='word_1_249' title='bbox 641 3829 726 3894; x_wconf 89' lang='lat' dir='ltr'><strong>lllete</strong></span> <span class='ocrx_word' id='word_1_250' title='bbox 742 3827 844 3894; x_wconf 89' lang='lat' dir='ltr'><strong>eciam</strong></span> <span class='ocrx_word' id='word_1_251' title='bbox 860 3835 944 3894; x_wconf 88' lang='lat' dir='ltr'><strong>terrc</strong></span> <span class='ocrx_word' id='word_1_252' title='bbox 955 3825 1090 3912; x_wconf 80' lang='lat' dir='ltr'><strong>prefate,</strong></span> <span class='ocrx_word' id='word_1_253' title='bbox 1102 3830 1198 3912; x_wconf 91' lang='lat' dir='ltr'><strong>prout</strong></span> 
     </span>
     <span class='ocr_line' id='line_1_35' title="bbox 78 3933 1196 4024; baseline 0.001 -25"><span class='ocrx_word' id='word_1_254' title='bbox 78 3933 106 4002; x_wconf 89' lang='lat' dir='ltr'><strong>iu</strong></span> <span class='ocrx_word' id='word_1_255' title='bbox 122 3937 237 4006; x_wconf 88' lang='lat' dir='ltr'><strong>litteris</strong></span> <span class='ocrx_word' id='word_1_256' title='bbox 269 3937 346 4004; x_wconf 88' lang='lat' dir='ltr'><strong>dicti</strong></span> <span class='ocrx_word' id='word_1_257' title='bbox 364 3935 507 4022; x_wconf 76' lang='lat' dir='ltr'><strong>Capituli</strong></span> <span class='ocrx_word' id='word_1_258' title='bbox 533 3935 673 4004; x_wconf 91' lang='lat' dir='ltr'><strong>vidimus</strong></span> <span class='ocrx_word' id='word_1_259' title='bbox 693 3937 857 4024; x_wconf 88' lang='lat' dir='ltr'><strong>contineri,</strong></span> <span class='ocrx_word' id='word_1_260' title='bbox 875 3936 937 4002; x_wconf 88' lang='lat' dir='ltr'><strong>hoc</strong></span> <span class='ocrx_word' id='word_1_261' title='bbox 952 3934 1065 4002; x_wconf 91' lang='lat' dir='ltr'><strong>ordine</strong></span> <span class='ocrx_word' id='word_1_262' title='bbox 1081 3933 1196 4002; x_wconf 91' lang='lat' dir='ltr'><strong>distin·</strong></span> 
     </span>
     <span class='ocr_line' id='line_1_36' title="bbox 75 4043 1199 4132; baseline -0.002 -22"><span class='ocrx_word' id='word_1_263' title='bbox 75 4052 208 4127; x_wconf 81' lang='lat' dir='ltr'><strong>guntur:</strong></span> <span class='ocrx_word' id='word_1_264' title='bbox 225 4045 338 4112; x_wconf 89' lang='lat' dir='ltr'><strong>Prima</strong></span> <span class='ocrx_word' id='word_1_265' title='bbox 362 4045 485 4111; x_wconf 88' lang='lat' dir='ltr'><strong>scilicet</strong></span> <span class='ocrx_word' id='word_1_266' title='bbox 509 4052 595 4111; x_wconf 89' lang='lat' dir='ltr'><strong>meta</strong></span> <span class='ocrx_word' id='word_1_267' title='bbox 626 4043 742 4132; x_wconf 90' lang='lat' dir='ltr'><strong>incipit</strong></span> <span class='ocrx_word' id='word_1_268' title='bbox 764 4067 785 4114; x_wconf 89' lang='lat' dir='ltr'><strong>a</strong></span> <span class='ocrx_word' id='word_1_269' title='bbox 815 4053 909 4130; x_wconf 88' lang='lat' dir='ltr'><strong>parte</strong></span> <span class='ocrx_word' id='word_1_270' title='bbox 938 4043 1145 4113; x_wconf 87' lang='lat' dir='ltr'><strong>meridionali</strong></span> <span class='ocrx_word' id='word_1_271' title='bbox 1178 4062 1199 4108; x_wconf 87' lang='lat' dir='ltr'><strong>a</strong></span> 
     </span>
     <span class='ocr_line' id='line_1_37' title="bbox 76 4152 1197 4240; baseline -0.001 -23"><span class='ocrx_word' id='word_1_272' title='bbox 76 4152 206 4234; x_wconf 83' lang='lat' dir='ltr'><strong>quadarn</strong></span> <span class='ocrx_word' id='word_1_273' title='bbox 239 4157 357 4222; x_wconf 91' lang='lat' dir='ltr'><strong>arbore</strong></span> <span class='ocrx_word' id='word_1_274' title='bbox 387 4153 484 4239; x_wconf 87' lang='lat' dir='ltr'><strong>ylicis</strong></span> <span class='ocrx_word' id='word_1_275' title='bbox 512 4161 544 4222; x_wconf 88' lang='lat' dir='ltr'><strong>et</strong></span> <span class='ocrx_word' id='word_1_276' title='bbox 559 4153 722 4240; x_wconf 82' lang='lat' dir='ltr'><strong>protendit</strong></span> <span class='ocrx_word' id='word_1_277' title='bbox 752 4173 809 4240; x_wconf 87' lang='lat' dir='ltr'><strong>per</strong></span> <span class='ocrx_word' id='word_1_278' title='bbox 824 4153 985 4237; x_wconf 87' lang='lat' dir='ltr'><strong>quondam</strong></span> <span class='ocrx_word' id='word_1_279' title='bbox 1005 4153 1144 4220; x_wconf 87' lang='lat' dir='ltr'><strong>rivulum</strong></span> <span class='ocrx_word' id='word_1_280' title='bbox 1163 4155 1197 4217; x_wconf 90' lang='lat' dir='ltr'><strong>et</strong></span> 
     </span>
     <span class='ocr_line' id='line_1_38' title="bbox 26 4257 1199 4348; baseline -0.003 -20"><span class='ocrx_word' id='word_1_281' title='bbox 26 4278 30 4287; x_wconf 90' lang='lat'>·</span> <span class='ocrx_word' id='word_1_282' title='bbox 79 4261 217 4342; x_wconf 82' lang='lat' dir='ltr'><strong>pervenit</strong></span> <span class='ocrx_word' id='word_1_283' title='bbox 247 4263 292 4328; x_wconf 92' lang='lat' dir='ltr'><strong>ad</strong></span> <span class='ocrx_word' id='word_1_284' title='bbox 324 4261 486 4348; x_wconf 86' lang='lat' dir='ltr'><strong>quendam</strong></span> <span class='ocrx_word' id='word_1_285' title='bbox 511 4265 659 4329; x_wconf 87' lang='lat' dir='ltr'><strong>truncum</strong></span> <span class='ocrx_word' id='word_1_286' title='bbox 675 4267 913 4346; x_wconf 85' lang='lat' dir='ltr'><strong>castanearum,</strong></span> <span class='ocrx_word' id='word_1_287' title='bbox 931 4261 986 4328; x_wconf 92' lang='lat' dir='ltr'><strong>ubi</strong></span> <span class='ocrx_word' id='word_1_288' title='bbox 1018 4261 1140 4345; x_wconf 79' lang='lat' dir='ltr'><strong>regirat</strong></span> <span class='ocrx_word' id='word_1_289' title='bbox 1156 4257 1199 4324; x_wconf 87' lang='lat' dir='ltr'><strong>ad</strong></span> 
     </span>
     <span class='ocr_line' id='line_1_39' title="bbox 78 4367 1201 4458; baseline 0.002 -27"><span class='ocrx_word' id='word_1_290' title='bbox 78 4369 246 4456; x_wconf 89' lang='lat' dir='ltr'><strong>meridiem,</strong></span> <span class='ocrx_word' id='word_1_291' title='bbox 270 4377 304 4436; x_wconf 88' lang='lat' dir='ltr'><strong>ct</strong></span> <span class='ocrx_word' id='word_1_292' title='bbox 324 4389 382 4458; x_wconf 89' lang='lat' dir='ltr'><strong>per</strong></span> <span class='ocrx_word' id='word_1_293' title='bbox 412 4371 577 4456; x_wconf 88' lang='lat' dir='ltr'><strong>quandam</strong></span> <span class='ocrx_word' id='word_1_294' title='bbox 610 4371 758 4438; x_wconf 84' lang='lat' dir='ltr'><strong>semitam</strong></span> <span class='ocrx_word' id='word_1_295' title='bbox 790 4369 1006 4455; x_wconf 79' lang='lat' dir='ltr'><strong>graminosum</strong></span> <span class='ocrx_word' id='word_1_296' title='bbox 1039 4367 1201 4455; x_wconf 88' lang='lat' dir='ltr'><strong>protendit</strong></span> 
     </span>
     <span class='ocr_line' id='line_1_40' title="bbox 80 4473 1198 4566; baseline 0.005 -27"><span class='ocrx_word' id='word_1_297' title='bbox 80 4473 194 4546; x_wconf 86' lang='lat' dir='ltr'><strong>directe</strong></span> <span class='ocrx_word' id='word_1_298' title='bbox 210 4499 326 4550; x_wconf 84' lang='lat' dir='ltr'><strong>versus</strong></span> <span class='ocrx_word' id='word_1_299' title='bbox 342 4480 514 4547; x_wconf 85' lang='lat' dir='ltr'><strong>ecclesiam</strong></span> <span class='ocrx_word' id='word_1_300' title='bbox 530 4480 693 4566; x_wconf 87' lang='lat' dir='ltr'><strong>quandam</strong></span> <span class='ocrx_word' id='word_1_301' title='bbox 727 4479 822 4548; x_wconf 88' lang='lat' dir='ltr'><strong>sitam</strong></span> <span class='ocrx_word' id='word_1_302' title='bbox 839 4480 871 4545; x_wconf 93' lang='lat' dir='ltr'><strong>in</strong></span> <span class='ocrx_word' id='word_1_303' title='bbox 903 4478 1025 4546; x_wconf 89' lang='lat' dir='ltr'><strong>honore</strong></span> <span class='ocrx_word' id='word_1_304' title='bbox 1054 4475 1198 4560; x_wconf 80' lang='lat' dir='ltr'><strong>Virginis</strong></span> 
     </span>
     <span class='ocr_line' id='line_1_41' title="bbox 78 4579 1198 4674; baseline 0.004 -26"><span class='ocrx_word' id='word_1_305' title='bbox 78 4579 228 4674; x_wconf 62' lang='lat' dir='ltr'><strong>Gloriosa</strong></span> <span class='ocrx_word' id='word_1_306' title='bbox 243 4587 363 4655; x_wconf 87' lang='lat' dir='ltr'><strong>deinde</strong></span> <span class='ocrx_word' id='word_1_307' title='bbox 377 4588 549 4656; x_wconf 89' lang='lat' dir='ltr'><strong>revertitur</strong></span> <span class='ocrx_word' id='word_1_308' title='bbox 559 4587 603 4658; x_wconf 90' lang='lat' dir='ltr'><strong>ad</strong></span> <span class='ocrx_word' id='word_1_309' title='bbox 613 4589 767 4657; x_wconf 85' lang='lat' dir='ltr'><strong>orientem</strong></span> <span class='ocrx_word' id='word_1_310' title='bbox 779 4595 811 4656; x_wconf 92' lang='lat' dir='ltr'><strong>ct</strong></span> <span class='ocrx_word' id='word_1_311' title='bbox 821 4589 968 4673; x_wconf 83' lang='lat' dir='ltr'><strong>pervenit</strong></span> <span class='ocrx_word' id='word_1_312' title='bbox 985 4585 1026 4655; x_wconf 90' lang='lat' dir='ltr'><strong>cd</strong></span> <span class='ocrx_word' id='word_1_313' title='bbox 1042 4584 1198 4674; x_wconf 86' lang='lat' dir='ltr'><strong>quasdam</strong></span> 
     </span>
     <span class='ocr_line' id='line_1_42' title="bbox 80 4695 1199 4788; baseline 0 -28"><span class='ocrx_word' id='word_1_314' title='bbox 80 4695 204 4765; x_wconf 87' lang='lat' dir='ltr'><strong>arbores</strong></span> <span class='ocrx_word' id='word_1_315' title='bbox 234 4698 305 4788; x_wconf 92' lang='lat' dir='ltr'><strong>piri,</strong></span> <span class='ocrx_word' id='word_1_316' title='bbox 320 4717 401 4784; x_wconf 87' lang='lat' dir='ltr'><strong>quas</strong></span> <span class='ocrx_word' id='word_1_317' title='bbox 433 4699 565 4770; x_wconf 87' lang='lat' dir='ltr'><strong>arbores</strong></span> <span class='ocrx_word' id='word_1_318' title='bbox 597 4698 759 4768; x_wconf 88' lang='lat' dir='ltr'><strong>transiens</strong></span> <span class='ocrx_word' id='word_1_319' title='bbox 784 4715 841 4787; x_wconf 89' lang='lat' dir='ltr'><strong>per</strong></span> <span class='ocrx_word' id='word_1_320' title='bbox 859 4697 999 4768; x_wconf 88' lang='lat' dir='ltr'><strong>medium</strong></span> <span class='ocrx_word' id='word_1_321' title='bbox 1027 4695 1127 4764; x_wconf 83' lang='lat' dir='ltr'><strong>currit</strong></span> <span class='ocrx_word' id='word_1_322' title='bbox 1143 4714 1199 4782; x_wconf 86' lang='lat' dir='ltr'><strong>per</strong></span> 
     </span>
    </p>
   </div>
   <div class='ocr_carea' id='block_1_6' title="bbox 0 0 1586 5200">
    <p class='ocr_par' dir='ltr' id='par_1_6' title="bbox 0 0 1586 5200">
     <span class='ocr_line' id='line_1_43' title="bbox 0 0 1586 5200; baseline 0 0"><span class='ocrx_word' id='word_1_323' title='bbox 0 0 1586 5200; x_wconf 95' lang='lat' dir='ltr'><strong> </strong></span> 
     </span>
    </p>
   </div>
  </div>
 </body>
</html>
