3190 5190
339 1019 396 1089 IV.
412 1021 527 1090 Maelo
541 1018 653 1106 kirtly
669 1017 830 1104 ucyjdoul
844 1015 971 1082 iddeebb
988 1014 1136 1082 Bresdbet
1159 1015 1367 1102 kirdlycdcul
1390 1015 1475 1084 letbe-

338 1130 469 1214 kltloec,
499 1127 638 1196 Ldre'rrcz
669 1126 832 1194 comeecelc
863 1123 1054 1208 eberacdju
1088 1117 1291 1208 ch-Uibely
1321 1123 1474 1191 birtckrtt.

863 1233 961 1299 1274.

449 1427 626 1498 Ladiulaus
666 1426 729 1495 Dei
760 1425 872 1512 gracia
902 1424 1080 1512 Bungarie,
1110 1425 1290 1511 Delmaeie,
1322 1421 1474 1509 (treacle,

330 1539 444 1625 Bame,
458 1535 582 1621 Seruio,
596 1534 750 1620 Gallicis,
765 1533 970 1619 bodomerie,
986 1534 1141 1602 Comanis
1157 1532 1375 1618 Belgarieqne
1390 1532 1462 1600 Bex

330 1645 480 1714 omnibns
511 1642 697 1712 Christiane
711 1639 787 1710 fidei
805 1641 992 1725 cultoribus,
1012 1642 1151 1710 mlutem
1166 1639 1201 1709 in
1217 1659 1295 1708 uero
1310 1638 1460 1708 salutari.

331 1751 419 1831 Quia
433 1771 489 1819 cer
503 1750 603 1835 Regis
633 1750 667 1816 in
684 1769 784 1818 menn
814 1747 876 1817 Dei
901 1755 959 1832 est,
978 1756 1011 1816 et
1026 1767 1089 1831 quo
1107 1749 1180 1816 nult
1211 1746 1350 1815 inclinat
1363 1743 1460 1832 illud,

332 1857 588 1946 reprehensibile
627 1878 694 1926 non
732 1856 830 1924 debet
881 1855 1026 1936 iudicari,
1057 1857 1087 1923 si
1117 1855 1224 1942 Regia
1263 1853 1464 1923 sublimitate

332 1963 479 2035 decorati
495 1964 674 2033 secundum
690 1964 913 2034 diuersitatem
942 1963 1099 2048 temporis
1115 1982 1151 2032 se
1167 1963 1202 2030 in
1232 1963 1301 2030 suis
1331 1961 1463 2030 uarient

333 2074 473 2158 actibus,
504 2079 537 2141 et
551 2073 712 2140 inmuient
743 2070 855 2140 debito
878 2069 1109 2139 sollicitudinis
1138 2070 1311 2139 libramine
1325 2069 1465 2157 prouido

334 2179 547 2248 reformantes
562 2180 597 2247 in
613 2180 739 2264 melius,
755 2177 789 2244 in
805 2179 922 2264 ombus
938 2185 1110 2249 cernentur
1134 2196 1306 2266 perperam
1337 2196 1467 2262 proees-

334 2285 428 2356 sisse.
453 2284 596 2356 Proinde
613 2284 657 2352 ed
671 2285 895 2353 uniuersorum
911 2284 1068 2353 noticiam
1083 2284 1199 2354 barum
1214 2284 1298 2352 serie
1314 2284 1466 2352 nolumus

332 2396 518 2484 peruenire,
550 2391 739 2478 quodcum
771 2391 906 2460 humani
937 2393 1066 2478 generis
1096 2391 1271 2480 perspicax
1311 2391 1465 2459 inimicus

332 2501 487 2588 pestifero
526 2519 654 2571 veneno
706 2519 765 2568 sue
795 2499 920 2568 bandis
959 2499 1184 2570 innocencium
1231 2495 1469 2583 corrumpendo

331 2610 468 2700 violare,
493 2609 667 2695 puritatem
697 2607 857 2676 nennium
889 2604 1073 2676 desudando
1104 2605 1245 2692 inficere,
1267 2613 1299 2675 et
1332 2623 1462 2674 oonoor·

334 2717 423 2785 dium
452 2715 544 2786 niem
574 2716 664 2784 malo
695 2712 860 2785 discordie
889 2731 1053 2802 superare,
1079 2713 1203 2783 nedum
1218 2716 1302 2782 inter
1318 2713 1465 2782 Berones

335 2823 441 2910 Regni
472 2823 643 2910 Hungarie
673 2822 763 2892 neeis
794 2823 1006 2895 seminarium
1037 2829 1070 2891 et
1099 2821 1224 2890 bellum
1263 2820 1465 2898 intestinum,

334 2950 469 3017 quorum
499 2927 669 3017 fidelitate,
701 2931 824 3000 uinute
855 2937 889 2998 et
904 2929 1068 2999 industria
1091 2930 1201 3015 ipsum
1215 2929 1364 3016 Bcgnuun
1378 2927 1467 2996 Hun-
1520 2972 1527 2983 ·

333 3039 425 3124 garis
441 3037 646 3108 defensatum
671 3037 778 3105 fuerat
787 3035 1053 3125 predecessorum
1071 3045 1254 3106 nostrorum
1270 3036 1468 3124 temporibus

334 3153 367 3215 et
380 3145 524 3216 feliciter
550 3147 787 3232 gubemstum3
813 3166 924 3214 rernm
940 3155 974 3214 et
989 3148 1075 3215 inter
1090 3165 1151 3216 nos
1168 3147 1210 3216 ab
1227 3166 1292 3214 una
1307 3151 1410 3232 parte,
1426 3159 1460 3213 et

337 3252 501 3321 dominam
516 3253 678 3339 Reginam
694 3255 833 3320 matrem
847 3258 993 3321 nostram
1012 3251 1260 3322 serenissimam
1275 3271 1316 3321 ex
1346 3253 1464 3338 altera,

337 3356 527 3428 dissoidium
565 3358 724 3428 scendnlo
755 3379 821 3427 non
852 3378 1000 3442 vacuum,
1034 3367 1066 3428 et
1097 3359 1246 3447 manium
1276 3377 1468 3446 guerrarum

332 3465 502 3533 materiam
518 3464 730 3535 suscitasset:
747 3470 858 3534 tamen
873 3465 920 3552 pij
940 3467 1046 3552 patris
1056 3486 1116 3554 per
1126 3466 1346 3552 clemenciam,
1372 3466 1467 3535 cuius

332 3571 385 3640 rie
399 3570 528 3642 iusticie
558 3580 592 3642 et
608 3573 832 3644 misericordie
864 3574 935 3644 eius
966 3595 1031 3643 non
1061 3581 1113 3645 est
1144 3594 1307 3662 numerus,
1338 3575 1465 3645 sedatis

332 3679 603 3771 dissensionibus,
632 3680 897 3750 discordantibus
930 3682 1093 3750 Beronum
1124 3683 1243 3750 animis
1259 3682 1302 3751 ad
1334 3702 1469 3751 coneor-

333 3785 421 3855 diam
452 3789 626 3877 reuocatis,
658 3795 691 3856 et
707 3787 866 3857 restrictis
897 3789 1050 3856 manibus
1081 3787 1156 3856 binc
1186 3786 1263 3856 inde
1281 3788 1325 3857 ad
1340 3787 1466 3859 bellum

328 3895 807 3983 properetis,1>relatorumet
837 3895 1002 3965 Beronum
1033 3896 1169 3964 consilio
1201 3895 1370 3965 mediante
1386 3917 1461 3966 cum

329 3998 443 4069 eadem
474 4000 606 4070 domina
636 3999 765 4086 Regina
795 4011 901 4071 matre
933 4007 1046 4071 nostra
1075 4001 1253 4072 karissime
1285 4005 1344 4071 sub
1360 4007 1461 4074 certis

328 4109 573 4180 condicionibus
588 4110 632 4178 ad
652 4110 744 4197 pacis
759 4117 791 4178 et
805 4111 976 4181 concordie
1008 4109 1199 4180 deuenimus
1214 4109 1376 4180 unionem
1392 4110 1464 4180 Hoc

328 4215 414 4284 inter
443 4223 551 4287 cetera
581 4219 643 4286 sub
657 4215 844 4287 huiusmodi
875 4224 1037 4288 tractatus
1063 4217 1166 4287 nostri
1181 4217 1405 4288 moderamine
1421 4217 1462 4284 de

328 4324 495 4409 utriusque
511 4329 655 4394 nostrum
672 4324 776 4412 partis
793 4326 1009 4414 beneplacito,
1024 4323 1251 4414 conniuencia,
1267 4332 1300 4394 et
1330 4345 1467 4394 consen·

330 4429 522 4520 saburrato,
553 4430 796 4520 inperpetuum
828 4431 985 4502 duraturo
1005 4431 1194 4520 specialiter
1209 4433 1403 4519 statuendc;
1428 4439 1469 4500 vt
1592 4461 1594 4522 3

236 4555 239 4562 ·
328 4539 551 4623 possessiones
566 4537 741 4630 Beronum,
760 4541 927 4628 nobilium,
944 4547 977 4608 et
1007 4539 1205 4626 generaliter
1235 4559 1464 4626 quorumcum-
