3162 5200
912 305 1042 402 aas¹

372 504 530 589 'trugurij
547 501 644 570 modo
663 502 763 568 simili
785 502 981 569 arbitramur
997 509 1030 568 et
1059 501 1298 570 sentenciamus
1329 524 1403 572 esse
1431 504 1508 573 iute-

377 610 514 697 gralitur
529 608 758 678 restituendas.

486 719 638 786 Preterea
669 717 872 802 arbitramur,
904 718 1143 786 sentenciamus
1168 728 1200 788 at
1231 719 1450 788 adiudioaudo
1474 729 1509 786 et

377 824 540 909 iungendo
571 825 755 892 homiuibus
771 832 804 892 et
835 826 1001 892 Communi
1018 827 1182 914 magun,
1200 827 1285 911 quod
1301 829 1460 912 deinceps
1474 827 1509 893 iu·

257 949 262 970 ·
378 941 569 1019 perpetuum
586 936 646 1000 sub
663 953 748 1018 pena
763 933 897 1000 inferius
914 933 1088 1018 designata
1104 953 1161 1021 per
1176 956 1213 1002 se
1228 937 1280 1002 uel
1312 937 1451 1001 alterum
1466 935 1508 1002 da·

381 1039 519 1127 prefatis
536 1041 630 1106 terris
647 1046 680 1106 et
695 1039 800 1107 vineis
815 1060 875 1108 seu
891 1041 1154 1126 possessionibus
1172 1043 1401 1131 Arcbiepatns,
1416 1043 1501 1128 Capi-

378 1148 450 1234 tuli,
467 1146 732 1214 Monasteriorum
749 1147 819 1216 siue
844 1149 1064 1216 Ecclesiarum
1088 1148 1132 1215 de
1146 1149 1293 1236 Sparata,
1323 1150 1417 1218 etde
1446 1151 1503 1216 ista

380 1255 495 1322 Insula
526 1253 636 1320 Sancti
668 1253 805 1340 Steiaui,
837 1261 938 1339 atque
969 1255 1011 1321 dc
1035 1255 1182 1342 predicto
1213 1255 1354 1324 Ostrocb
1385 1257 1501 1324 nullum

379 1361 586 1448 priuilegium
610 1363 795 1444 nullamque
811 1363 951 1428 litteram
969 1382 989 1427 a
1004 1361 1134 1428 domino
1165 1363 1255 1447 Rege
1286 1364 1440 1448 Vngarie,
1457 1363 1502 1428 vel

321 1553 325 1562 ι
379 1469 472 1536 Banu
503 1471 613 1552 aliquo
647 1470 821 1536 Solanonia
851 1489 909 1536 sen
939 1471 1113 1558 Maritimo,
1142 1473 1195 1538 vel
1227 1492 1422 1555 quocunque
1445 1472 1510 1537 alio

383 1579 557 1663 impetrare
573 1577 716 1644 debeant
731 1579 781 1643 vel
793 1575 899 1644 iacere
910 1577 1074 1662 impetrari
1087 1603 1094 1659 ;
1111 1599 1172 1644 uec
1183 1578 1366 1665 prediotum
1381 1578 1500 1646 Archia·

379 1687 548 1772 piscopum
584 1685 812 1771 Spalatensom
844 1690 877 1751 et
901 1683 1095 1772 Capitulum,
1128 1704 1188 1752 seu
1225 1686 1425 1753 Mouasteria
1454 1693 1503 1752 aut

379 1793 543 1860 Eustasius
555 1791 705 1859 Ciuitatis
716 1791 859 1858 eiusdem
870 1793 910 1858 de
926 1794 1068 1878 ipsorum
1089 1793 1245 1879 predictis
1266 1795 1362 1860 terris
1378 1801 1409 1860 et
1424 1795 1507 1860 uiue·

380 1901 419 1986 is,
437 1905 471 1966 et
486 1920 507 1966 a
537 1898 816 1985 possessionibus3
841 1912 873 1967 et
889 1901 1132 1984 prenominatos
1151 1899 1295 1984 Dedigos
1311 1901 1355 1968 de
1372 1899 1500 1984 Ostroglr

381 2029 480 2096 super
496 2007 683 2076 dintavilla
712 2027 787 2089 sua;
811 2015 912 2091 atque
942 2007 1120 2074 Commune
1150 2009 1278 2095 Spalati
1308 2008 1354 2074 do
1385 2008 1500 2092 prelata

255 2145 257 2153 ·
381 2116 497 2181 Insula
527 2116 641 2182 Sancti
671 2113 808 2196 Staieni,
842 2135 953 2182 coram
984 2116 1096 2199 aliquo
1127 2117 1215 2200 Rege
1244 2115 1414 2200 Huugarie
1452 2115 1499 2198 qui

381 2221 537 2308 ioretpro
562 2231 724 2308 temporo;
751 2240 810 2290 uec
827 2242 935 2288 corum
957 2223 1069 2306 aliquo
1100 2223 1202 2308 Banu,
1234 2225 1306 2290 siue
1337 2224 1406 2291 alio
1435 2243 1499 2306 quo

382 2351 510 2415 cunque
540 2329 681 2395 Domino
698 2348 755 2396 scu
772 2327 919 2416 Bactara,
937 2330 1104 2415 infestare,
1123 2331 1328 2416 compellere,
1347 2329 1499 2416 impetere,

381 2439 560 2524 aduersari,
576 2438 742 2504 molestari
759 2437 792 2502 in
808 2455 1010 2521 utrocumque
1026 2458 1084 2504 nec
1101 2437 1405 2506 faceremolestari.

491 2547 648 2614 Volumus
666 2551 698 2611 et
718 2543 889 2612 diffinitiue
908 2543 1125 2612 adiudicando
1145 2547 1397 2631 sentenciamns,
1426 2545 1499 2629 quod

381 2651 559 2738 supradicti
606 2650 754 2720 domiuus
796 2652 1068 2739 Archiepiscopus
1100 2661 1133 2719 et
1178 2653 1368 2739 Capitulum
1402 2652 1500 2718 Sancti

380 2761 522 2846 Domuij,
555 2765 587 2828 et
617 2759 726 2827 omnia
755 2760 954 2827 Mouasteria
985 2760 1058 2826 siue
1089 2759 1243 2845 Ecclesia,
1266 2781 1407 2845 quorum
1435 2766 1498 2827 sunt

382 2869 474 2936 dicta
490 2871 576 2936 bona
591 2888 650 2935 seu
666 2867 888 2952 possessiones
905 2868 1093 2952 prescripto,
1110 2867 1318 2953 nonpossint
1334 2869 1379 2934 de
1404 2877 1498 2935 cetero

381 2977 527 3046 homiues
559 2980 592 3042 et
624 2974 799 3041 Commune
829 2973 982 3058 Tragurij
1016 2973 1181 3060 impetere,
1214 2975 1420 3060 compellere,
1451 2975 1498 3040 ad-

380 3102 521 3170 graume
535 3081 588 3148 uel
605 3083 780 3148 molestare
795 3101 852 3147 seu
867 3080 1022 3149 infestare
1038 3080 1252 3148 detractibus
1271 3083 1409 3168 cunctis,
1431 3100 1503 3165 quos·

381 3198 560 3276 atempore
592 3188 679 3254 diets
702 3187 818 3274 prioris
843 3207 959 3272 guerre
978 3190 1149 3273 luctusque
1169 3185 1346 3256 Commune
1365 3195 1397 3256 et
1412 3188 1503 3256 homi·

379 3317 438 3366 nes
454 3295 496 3362 de
511 3293 670 3378 Tragurio
686 3293 729 3360 de
745 3294 839 3360 dictis
855 3315 966 3364 eorum
999 3295 1095 3361 terris
1111 3301 1144 3359 et
1157 3295 1263 3362 uineis
1293 3315 1354 3362 seu
1384 3315 1498 3384 posses·

380 3404 527 3473 sionibus
551 3408 765 3488 perceperunt
781 3404 834 3469 vol
854 3385 1042 3492 percepisse
1058 3406 1250 3488 potuerunt,
1273 3410 1305 3468 et
1320 3421 1338 3467 e
1356 3423 1498 3470 conuerso

379 3510 529 3580 homines
546 3520 579 3576 et
594 3510 772 3577 Commune
786 3507 935 3592 Tragurii
953 3500 1017 3576 uon
1038 3511 1166 3595 possint
1181 3507 1223 3574 de
1237 3513 1341 3576 cetero
1364 3509 1502 3578 hominus

261 3659 265 3671 -
381 3625 416 3686 el
431 3616 608 3685 Commune
640 3615 768 3700 Spalati
799 3615 967 3702 impetere,
985 3616 1188 3703 compellere,
1204 3615 1398 3702 adgrauare,
1415 3617 1502 3684 inies

379 3737 450 3796 tare
466 3727 519 3794 vel
536 3725 707 3793 molestare
721 3724 762 3790 de
779 3724 936 3792 tractibus
955 3713 1119 3813 cunulis,
1116 3745 1196 3811 qnos
1213 3746 1234 3790 a
1248 3730 1395 3810 tempore
1425 3723 1504 3790 dicte

379 3833 494 3923 prioris
525 3852 640 3918 guerro
671 3851 772 3916 usque
802 3853 890 3899 nune
922 3822 1100 3900 Commune
1115 3838 1147 3900 et
1163 3833 1309 3899 domines
1325 3833 1451 3919 Spalati
1464 3829 1499 3896 de

381 3943 477 4012 dictis
493 3961 603 4009 eorum
619 3940 724 4027 terris,
741 3941 858 4022 vineis,
875 3959 933 4008 sau
952 3925 1212 4054 possessionibus
1227 3948 1441 4027 perceperunt
1453 3935 1501 4004 uel

378 4050 549 4138 percipere
571 4053 757 4134 potueruut.
1116 4068 1121 4078 ·

487 4155 572 4241 Alijs
591 4175 665 4222 vero
681 4154 842 4222 uniuersis
860 4159 891 4221 et
920 4155 1078 4240 siugulis
1086 4147 1199 4223 litibus
1214 4160 1246 4220 et
1277 4111 1567 4246 questionibus,

379 4282 461 4346 quas
491 4262 638 4329 homiues
669 4267 701 4328 et
731 4261 908 4329 Commune
946 4260 1074 4350 Spalati
1108 4247 1264 4329 aduersus
1299 4260 1441 4328 homiues
1469 4263 1496 4324 et

380 4369 555 4440 Commune
569 4369 743 4456 Tragurij3
765 4372 820 4438 vel
835 4368 983 4438 homiues
1014 4379 1047 4438 et
1071 4367 1247 4438 Commune
1271 4368 1418 4452 Tragurij
1448 4364 1496 4431 ad·

379 4497 494 4546 uersus
511 4477 658 4546 homiues
668 4485 700 4546 et
709 4479 884 4546 Commune
900 4477 1026 4565 Spalati
1036 4478 1272 4566 promouebaut
1281 4477 1335 4546 vel
1345 4491 1500 4563 promoue·
1561 4455 1566 4502 ¹

332 4643 334 4646 .
378 4603 417 4651 re
431 4591 583 4674 poteraut
598 4585 824 4670 quoquomodo
841 4586 1013 4655 occasione
1047 4583 1302 4666 homicidiorum,
1332 4581 1495 4668 prodamm
1564 4575 1566 4592 '
