3162 5200
201 1220 321 1290 Oscor-o
335 1220 494 1308 uigerem
508 1221 637 1290 taccat
650 1219 808 1287 koedelcct
821 1219 977 1288 lcttlcleack
1006 1217 1190 1288 Contoreno
1220 1219 1340 1296 Jakal

194 1329 361 1398 oroma·
376 1330 524 1416 dopehor,
554 1330 639 1416 luogy
655 1352 696 1394 aa
711 1329 830 1396 atnoe
844 1328 977 1395 inclitott
994 1328 1101 1396 cedet
1124 1327 1329 1396 telictotelec

360 1436 537 1521 meltaayoe
551 1433 803 1503 intercedente
820 1432 1056 1520 eezlcrie‘oljeaelr.
1078 1435 1177 1502 1276.

306 1630 346 1697 In
375 1629 506 1697 nomine
536 1627 668 1697 Domini
699 1628 803 1695 nostri
833 1629 914 1697 lesu
944 1625 1080 1696 chrisui
1111 1647 1216 1696 emen.
1233 1630 1328 1697 Auno

195 1736 390 1804 Natiuitatis
422 1734 566 1804 eiusdem
607 1734 780 1804 millesimo
822 1733 1042 1803 ducentesimo
1082 1735 1328 1821 septuagesimo
1443 1804 1445 1812 ,

195 1851 306 1929 sexto,
335 1843 512 1912 indictione
543 1848 671 1928 quarta,
704 1842 758 1909 die
783 1840 975 1912 duodecimo
990 1842 1134 1910 intrante
1148 1841 1330 1912 Februarii.

194 1950 410 2018 Presentibus
442 1949 583 2018 dominis
615 1949 727 2018 liarco
768 1950 875 2038 Dodo,
916 1950 999 2018 sotio
1039 1949 1246 2040 honorabilis⁴
1268 1949 1331 2016 viri

198 2057 325 2126 domini
339 2057 442 2124 Marci
469 2055 639 2124 Michaelis
656 2053 790 2123 Comitis
808 2055 934 2144 Absori,
953 2056 1109 2124 Gabriele
1119 2056 1160 2123 de
1169 2056 1331 2144 i'opertis,

192 2165 338 2233 Notario
355 2164 435 2232 dicti
451 2163 573 2232 domini
590 2163 735 2249 Comitis,
762 2161 941 2230 Benedicto
972 2162 1082 2232 Baldo
1112 2164 1155 2231 de
1186 2163 1331 2230 venetiis

198 2279 236 2342 et
251 2271 336 2340 aliis.
359 2269 558 2339 Androssius
589 2269 703 2356 cerne,
735 2269 869 2339 ludices
884 2269 1002 2337 Abseri
1017 2291 1084 2336 una
1100 2268 1329 2338 cumconsilio

196 2381 348 2449 eiusdem
363 2396 453 2447 more
468 2375 564 2446 solito
580 2382 799 2461 congregato;
831 2376 982 2446 lenettus
1011 2375 1144 2444 Simeon
1174 2373 1325 2444 Petricha

186 2485 335 2557 Judices
364 2484 473 2555 Kersii
502 2503 569 2552 nna
599 2501 659 2552 sno
690 2482 834 2553 Consilio
864 2501 952 2552 moro
982 2483 1081 2554 solito
1112 2490 1328 2570 congregator
1402 2533 1407 2541 =
1454 2549 1460 2558 ,
1549 2546 1552 2554 .

193 2593 397 2678 Dragossius
421 2589 574 2678 Jaoohus,
596 2588 733 2660 ludices
746 2581 906 2660 Lubinloe
920 2611 987 2659 unu
997 2609 1070 2658 oum
1085 2590 1228 2661 Consilio
1245 2610 1332 2660 more

189 2701 300 2772 solito
328 2705 546 2784 congregato3
569 2694 727 2784 Petregus
753 2696 925 2784 (lrayuioo,
950 2697 1083 2768 ludices
1104 2698 1246 2766 Katixuli
1262 2720 1329 2767 une

194 2827 275 2876 cnm
290 2826 349 2875 suo
365 2805 487 2874 cosilio
503 2823 593 2873 moro
608 2803 705 2872 solito
730 2810 940 2893 congregato,
970 2805 1216 2890 constituerunt,
1248 2803 1332 2874 ordi·

187 2920 360 2982 naverunt
389 2911 498 2998 urique
528 2910 674 2978 feceruut
691 2911 918 2980 honorabilem
935 2912 1043 2979 virum
1060 2911 1227 2980 domiuum
1243 2913 1326 2980 liar·

194 3041 275 3088 cnm
289 3018 481 3088 michaelem
499 3016 656 3085 Comitem
672 3017 955 3104 incertitudine
982 3019 1123 3087 condem
1152 3018 1331 3088 Vioeoomi-

193 3137 279 3215 tem,
308 3124 413 3193 Zerna
442 3122 608 3194 Andrean
638 3124 777 3192 condam
810 3125 952 3214 Zupaui,
981 3123 1163 3194 Johaunem
1195 3125 1334 3194 condam

195 3235 380 3318 Dragogne
411 3231 519 3318 adque
550 3230 706 3316 Pienlum,
737 3229 868 3300 Juaune
898 3232 985 3300 tilius
1026 3230 1165 3300 condam
1205 3231 1335 3301 Andree

100 3331 103 3336 ’
195 3347 370 3428 presentes
401 3346 435 3406 et
451 3337 510 3405 clii
542 3338 695 3407 absentes
726 3345 758 3406 et
775 3359 848 3407 oum
864 3337 959 3406 modo
976 3358 1039 3423 quo
1055 3337 1173 3406 melius
1188 3338 1330 3424 legitimi

194 3447 330 3533 sindioi,
348 3452 487 3534 actores,
503 3446 655 3532 yconomi
672 3451 705 3513 et
721 3453 950 3532 procuratores
966 3453 999 3515 et
1015 3447 1148 3515 nuntios
1164 3445 1331 3534 spetiales,

189 3575 313 3624 coram
329 3553 503 3638 lliaguilloo
518 3551 649 3622 domino
665 3552 790 3622 Jacobo
800 3551 981 3622 Contereno
998 3553 1110 3622 inclito
1125 3555 1215 3622 Duce
1231 3555 1333 3621 Vene-

192 3663 334 3745 tierum,
366 3660 603 3745 adpetendum
620 3658 661 3726 cie
677 3658 899 3728 misericordia
914 3659 1072 3729 Comitem
1088 3661 1332 3756 perpetualiter,

201 3778 241 3839 et
255 3769 431 3839 rendentes
445 3775 479 3834 et
495 3768 662 3852 exigentes
678 3767 712 3833 in
728 3767 878 3834 omnibus
910 3768 1018 3836 causis
1035 3774 1068 3835 ct
1099 3767 1222 3852 litibus,
1254 3788 1335 3852 quas

193 3878 310 3946 dictus
341 3877 469 3944 Morcus
502 3875 643 3944 Michael
684 3873 801 3943 Comes
840 3874 955 3942 Abseri
987 3894 1059 3941 oum
1100 3872 1330 3960 prenominatis

192 3983 384 4052 homiuibus
414 3982 450 4048 in
467 3982 615 4051 venetiis
648 3982 771 4050 habent
786 4001 844 4053 seu
872 3982 995 4050 habere
1010 3989 1144 4067 possent
1161 3982 1331 4049 occasione

191 4091 352 4160 frumenti
385 4097 555 4176 acceptum
581 4109 639 4176 per
655 4090 831 4158 Abseriuos
848 4095 881 4158 et
897 4088 1066 4176 Kersinos,
1085 4090 1119 4155 in
1136 4108 1336 4172 quocumque

192 4203 269 4267 loeo
286 4205 318 4266 el
332 4217 443 4266 coram
460 4214 637 4280 coetumque
655 4196 763 4263 iudice
779 4203 847 4264 tam
863 4197 898 4264 in
914 4196 1043 4280 egendo
1060 4216 1158 4282 quam
1174 4198 1209 4262 in
1225 4193 1336 4262 delen·
1433 4183 1443 4190 ’

187 4303 318 4392 (leudo,
353 4303 545 4391 excipiendo
578 4309 611 4371 et
628 4304 826 4393 replicando,
843 4311 876 4372 et
901 4303 1099 4388 generaliter
1116 4303 1159 4370 ad
1173 4302 1283 4368 omnia
1300 4309 1333 4368 et

193 4410 333 4496 singule
348 4411 451 4480 libere
474 4409 630 4478 iacienda
646 4417 679 4478 et
709 4410 904 4500 exercenda,
936 4429 999 4495 que
1030 4411 1101 4477 veri
1132 4413 1165 4476 et
1194 4406 1332 4492 legitimi

195 4517 324 4588 sindici
355 4537 415 4587 scu
446 4524 673 4603 procuratores
705 4516 814 4585 facere
844 4525 1045 4585 etexeroere
1063 4521 1205 4603 possent,
1223 4521 1334 4600 etque

190 4641 373 4694 causarum
390 4623 506 4718 merita
522 4623 654 4709 exigent
669 4633 702 4692 et
718 4624 894 4710 requirnnt,
912 4630 944 4692 et
960 4643 1023 4710 qne
1047 4621 1169 4692 eisdem
1200 4621 1334 4690 sindiois
