3160 5200
920 911 995 982 lna.

391 1112 455 1178 ΙΙΙ.
471 1111 585 1176 Ειιᾱιι
602 1111 784 1197 kirdlpnuk
800 1113 933 1200 [priehy
948 1120 1032 1180 neoti
1041 1110 1151 1198 sh‘ldet
1166 1117 1322 1198 tdrqpazd
1338 1116 1506 1200 admuninyo

667 1219 817 1285 Drumald
831 1231 942 1288 mester
958 1225 1120 1288 eadmero.
1145 1221 1245 1288 1292.
1475 1249 1482 1256 ·

500 1413 650 1485 Andreas
681 1414 742 1482 Dei
772 1416 888 1500 grania
929 1413 1107 1502 Hungarie,
1129 1415 1329 1503 ‚Dalmaeie
1370 1415 1504 1499 Croauiq

393 1523 504 1610 Reme,
537 1523 663 1612 Seruio,
689 1523 839 1607 Gallioie,
864 1522 1066 1608 Lodomerie‚
1104 1523 1262 1592 Cumania
1286 1523 1500 1608 Bulgarieque

393 1632 462 1698 Rex
478 1632 642 1702 uniuersis
658 1631 779 1700 Christi
795 1632 948 1700 fidelibus
964 1639 1029 1700 tanr
1055 1634 1259 1718 presentibus
1285 1654 1383 1718 quam
1401 1633 1505 1700 lntuds

395 1759 531 1825 presens
546 1741 702 1826 seriptum
719 1739 924 1826 inspecturis,
942 1742 1077 1808 alutem
1094 1741 1129 1807 in
1144 1741 1261 1808 salutis
1277 1741 1441 1826 largitore.
1455 1745 1507 1809 Itu·

397 1850 450 1929 gie
465 1847 648 1917 Maiestatis
665 1847 864 1933 Sublimitas,
899 1848 974 1918 lieet
989 1869 1118 1916 manum
1134 1849 1319 1916 muniliosm
1344 1851 1504 1918 extendere

394 1955 514 2025 debeat
528 1955 711 2026 uniuersisr
729 1956 805 2026 illos
816 1964 925 2026 tamen
935 1956 1048 2025 fanore
1063 1955 1165 2042 Regio
1182 1956 1279 2024 dehet
1295 1961 1447 2044 prosequi
1457 1981 1504 2045 po

393 2062 484 2149 olori,
518 2084 598 2149 qnos
630 2063 780 2149 generosi
810 2064 979 2150 sanguinis
1009 2063 1079 2132 alta
1120 2064 1286 2154 nobilitas,
1326 2087 1504 2150 morumque

393 2173 551 2242 immensa
567 2173 722 2261 probitas,
739 2180 772 2240 et
792 2172 926 2242 sudores
952 2171 1062 2242 hellini
1087 2191 1145 2256 pre
1171 2173 1290 2241 ceteris
1319 2175 1502 2242 extulerunt

392 2282 533 2354 Proinde
549 2281 590 2350 ad
608 2281 833 2351 uniuersorum
863 2284 1017 2351 noticiam
1033 2283 1148 2350 harum
1172 2282 1257 2351 serie
1273 2283 1421 2351 volumus
1437 2306 1501 2370 per·

392 2391 520 2478 uenire;
552 2390 638 2476 qnod
663 2391 908 2462 considerantes
924 2391 1098 2462 fidelitates
1117 2396 1149 2457 et
1164 2391 1374 2459 servieiornm
1399 2397 1503 2462 merita

392 2497 542 2584 Magistri
558 2500 701 2569 Darnalo
717 2500 826 2568 dileoti
843 2509 875 2570 et
890 2499 994 2570 tidelis
1010 2500 1121 2588 nostri,
1139 2519 1202 2583 qne
1217 2506 1249 2566 et
1259 2519 1341 2584 quas
1364 2501 1396 2568 in
1412 2501 1506 2572 diuer-

395 2606 441 2677 sis
457 2606 725 2695 expedicionibus
739 2609 844 2695 Regni
870 2609 974 2678 nostri
998 2629 1065 2676 non
1090 2610 1160 2688 sine
1185 2607 1309 2677 oruoris
1335 2609 1385 2677 sui
1409 2611 1504 2678 effusi·

391 2735 463 2802 one,
481 2721 514 2782 et
530 2720 699 2786 oooasione
714 2718 1000 2786 innumerabilium
1011 2717 1225 2785 servieneinrn
1240 2736 1369 2786 suorum
1385 2718 1418 2786 in
1436 2740 1503 2788 oon·

393 2825 480 2893 dieto
496 2815 748 2898 rlleutonieorum
765 2827 1028 2913 interemptorum
1060 2824 1213 2912 exhibuit,
1245 2832 1280 2892 rt
1306 2825 1438 2894 fideliter
1459 2829 1501 2895 sio

391 2933 526 3022 deuore;
544 2942 639 3022 prout
669 2933 764 3002 nobis
789 2953 848 3020 per
880 2934 1077 3004 relaoionem
1102 2934 1265 3000 Beronum
1291 2953 1332 3001 ao
1356 2935 1501 3002 nobilium
1564 2973 1566 2978 κ

391 3043 495 3126 Regni
512 3042 616 3111 nostri
633 3041 741 3110 extitit
756 3042 971 3110 manifestum.
981 3041 1195 3110 Attendentes
1205 3043 1317 3142 itaque
1332 3041 1431 3128 ipsius
1445 3061 1502 3110 ser·

390 3149 478 3216 uioia
492 3151 649 3237 gratuita,
666 3170 730 3235 que
746 3169 783 3219 eo
800 3158 956 3238 tempore,
981 3171 1053 3218 oum
1070 3150 1227 3235 Magister
1247 3149 1413 3219 Johannes
1426 3152 1502 3218 filins
1564 3137 1566 3216 i

390 3255 517 3327 Herrioi
534 3259 616 3327 Beni
632 3279 715 3327 ausu
729 3259 904 3327 temerario
915 3260 1070 3326 Nostram
1081 3257 1274 3326 Maiestaten
1284 3258 1501 3345 impetiuerat3

389 3361 476 3431 idem
492 3364 652 3450 Magister
665 3367 809 3436 Daruzlo
834 3373 965 3453 propter
987 3366 1217 3434 liberationem
1242 3375 1388 3436 nostram
1410 3368 1499 3436 sonti

388 3473 464 3541 nnis
479 3472 702 3558 legadionibus
718 3471 877 3559 fatigatus
891 3474 991 3541 tilium
1007 3495 1100 3542 suum
1112 3495 1170 3560 pro
1181 3475 1303 3545 Nostra
1314 3476 1499 3546 Celsitndine

347 3569 354 3576 ’
389 3576 525 3647 tradidit
541 3580 575 3648 in
591 3580 747 3664 obsidem,
773 3581 921 3668 inpendit
946 3581 1115 3651 indefesse.
1141 3583 1209 3651 Nos
1234 3583 1338 3667 ipsius
1363 3582 1499 3669 seruioijs

393 3687 649 3772 aooeptabilihus
681 3709 848 3759 ooourrere
879 3689 1045 3780 cupientes
1060 3691 1164 3776 Regio
1194 3691 1327 3775 fauore;
1360 3692 1432 3760 hoel
1457 3711 1500 3758 re

390 3802 505 3880 speetu
521 3797 747 3880 obsequiorum
758 3818 897 3885 suorum,
913 3819 975 3884 qne
990 3800 1035 3867 ad
1051 3819 1184 3886 presens
1195 3799 1334 3886 agimus,
1352 3801 1501 3870 modinum

312 3953 328 3966 ,
389 3903 582 3990 rideantur;
600 3906 763 3990 quandam
789 3913 907 3976 terram
928 3907 1148 3992 joculatorum
1172 3915 1358 3977 nostrorum
1383 3907 1501 3993 Igriohy

389 4019 550 4098 nonaum,
568 4031 640 4080 oum
658 4015 804 4082 omnibus
821 4014 1020 4083 utilitatibus
1038 4023 1070 4082 et
1084 4016 1291 4104 pertinenoijs
1302 4017 1370 4085 suis
1387 4015 1495 4084 rniuer·

388 4118 444 4208 sis,
461 4121 522 4188 sub
539 4120 636 4188 metis
652 4127 685 4187 et
700 4123 848 4190 terminis
865 4123 932 4190 suis
963 4122 1118 4211 antiquis,
1150 4124 1270 4208 quibus
1301 4145 1359 4212 per
1389 4123 1497 4208 priores

389 4247 593 4312 possessores
625 4229 766 4298 limitata
796 4231 903 4300 tuerat
926 4251 984 4299 seu
1011 4251 1172 4318 possessa,
1221 4229 1327 4300 eidem
1357 4233 1496 4316 Magistro

387 4335 541 4423 Durunlo,
556 4343 588 4404 et
604 4355 662 4421 per
678 4357 750 4406 euru
766 4339 834 4406 suis
852 4339 1023 4408 heredibus
1050 4338 1271 4425 heredumque
1293 4361 1417 4418 suorum
1432 4355 1494 4404 suo·

388 4443 580 4532 sessoribus,
597 4443 746 4513 dedimus
765 4447 958 4515 donauimus
986 4455 1018 4514 et
1042 4447 1237 4516 eontulimus
1262 4447 1334 4514 iure
1359 4451 1494 4533 perpetuo

387 4551 524 4635 panitiae
550 4553 781 4638 possidendam
798 4554 1038 4625 ethabendam.
1064 4556 1103 4621 In
1129 4555 1222 4624 ouius
1247 4555 1294 4624 rei
1323 4553 1485 4625 menonem
