<?xml version="1.0" encoding="UTF-8"?>
<!DOCTYPE html PUBLIC "-//W3C//DTD XHTML 1.0 Transitional//EN"
    "http://www.w3.org/TR/xhtml1/DTD/xhtml1-transitional.dtd">
<html xmlns="http://www.w3.org/1999/xhtml" xml:lang="en" lang="en">
 <head>
  <title>
</title>
<meta http-equiv="Content-Type" content="text/html;charset=utf-8" />
  <meta name='ocr-system' content='tesseract 3.04.00' />
  <meta name='ocr-capabilities' content='ocr_page ocr_carea ocr_par ocr_line ocrx_word'/>
</head>
<body>
  <div class='ocr_page' id='page_1' title='image "./codexdiplomatic00wenzgoog_0678.png"; bbox 0 0 3194 5196; ppageno 0'>
   <div class='ocr_carea' id='block_1_1' title="bbox 805 319 965 436">
    <p class='ocr_par' dir='ltr' id='par_1_1' title="bbox 805 319 965 436">
     <span class='ocr_line' id='line_1_1' title="bbox 805 319 965 436; baseline 0 -33"><span class='ocrx_word' id='word_1_1' title='bbox 805 319 965 436; x_wconf 37' lang='lat' dir='ltr'>„usp-g</span> 
     </span>
    </p>
   </div>
   <div class='ocr_carea' id='block_1_2' title="bbox 284 515 1446 3621">
    <p class='ocr_par' dir='ltr' id='par_1_2' title="bbox 284 515 1446 3621">
     <span class='ocr_line' id='line_1_2' title="bbox 316 515 1444 613; baseline 0 -17"><span class='ocrx_word' id='word_1_2' title='bbox 316 518 425 596; x_wconf 82' lang='lat' dir='ltr'>leulde</span> <span class='ocrx_word' id='word_1_3' title='bbox 441 530 589 598; x_wconf 75' lang='lat' dir='ltr'>vccamm</span> <span class='ocrx_word' id='word_1_4' title='bbox 605 523 822 599; x_wconf 72' lang='lat' dir='ltr'>reddidissent</span> <span class='ocrx_word' id='word_1_5' title='bbox 838 537 871 598; x_wconf 89' lang='lat' dir='ltr'>et</span> <span class='ocrx_word' id='word_1_6' title='bbox 884 515 1095 613; x_wconf 74' lang='lat' dir='ltr'>reliquissent</span> <span class='ocrx_word' id='word_1_7' title='bbox 1126 523 1253 596; x_wconf 89' lang='lat' dir='ltr'>nomine</span> <span class='ocrx_word' id='word_1_8' title='bbox 1283 523 1334 598; x_wconf 85' lang='lat' dir='ltr'>rui</span> <span class='ocrx_word' id='word_1_9' title='bbox 1365 521 1444 596; x_wconf 80' lang='lat' dir='ltr'>iuria</span> 
     </span>
     <span class='ocr_line' id='line_1_3' title="bbox 306 635 1443 724; baseline 0.007 -27"><span class='ocrx_word' id='word_1_10' title='bbox 306 635 450 703; x_wconf 17' lang='lat' dir='ltr'>lNicolao</span> <span class='ocrx_word' id='word_1_11' title='bbox 481 637 679 724; x_wconf 85' lang='lat' dir='ltr'>supradicto,</span> <span class='ocrx_word' id='word_1_12' title='bbox 714 645 744 705; x_wconf 89' lang='lat' dir='ltr'>et</span> <span class='ocrx_word' id='word_1_13' title='bbox 773 638 1021 724; x_wconf 81' lang='lat' dir='ltr'>resignauerunt</span> <span class='ocrx_word' id='word_1_14' title='bbox 1052 635 1157 706; x_wconf 89' lang='lat' dir='ltr'>eidem</span> <span class='ocrx_word' id='word_1_15' title='bbox 1189 655 1299 704; x_wconf 86' lang='lat' dir='ltr'>coram</span> <span class='ocrx_word' id='word_1_16' title='bbox 1329 635 1443 705; x_wconf 68' lang='lat' dir='ltr'>nobie?</span> 
     </span>
     <span class='ocr_line' id='line_1_4' title="bbox 318 741 1445 832; baseline 0.003 -25"><span class='ocrx_word' id='word_1_17' title='bbox 318 761 509 812; x_wconf 85' lang='lat' dir='ltr'>econuerso</span> <span class='ocrx_word' id='word_1_18' title='bbox 526 753 633 813; x_wconf 87' lang='lat' dir='ltr'>autem</span> <span class='ocrx_word' id='word_1_19' title='bbox 661 747 731 832; x_wconf 90' lang='lat' dir='ltr'>ipse</span> <span class='ocrx_word' id='word_1_20' title='bbox 762 745 917 814; x_wconf 83' lang='lat' dir='ltr'>Nicolaue</span> <span class='ocrx_word' id='word_1_21' title='bbox 947 761 1046 829; x_wconf 89' lang='lat' dir='ltr'>super</span> <span class='ocrx_word' id='word_1_22' title='bbox 1075 743 1222 811; x_wconf 90' lang='lat' dir='ltr'>omnibns</span> <span class='ocrx_word' id='word_1_23' title='bbox 1253 741 1445 811; x_wconf 76' lang='lat' dir='ltr'>accionibus</span> 
     </span>
     <span class='ocr_line' id='line_1_5' title="bbox 317 849 1444 941; baseline -0.001 -25"><span class='ocrx_word' id='word_1_24' title='bbox 317 850 387 917; x_wconf 87' lang='lat' dir='ltr'>suis</span> <span class='ocrx_word' id='word_1_25' title='bbox 418 852 600 941; x_wconf 88' lang='lat' dir='ltr'>premissis,</span> <span class='ocrx_word' id='word_1_26' title='bbox 617 852 902 937; x_wconf 78' lang='lat' dir='ltr'>destruccionibus,</span> <span class='ocrx_word' id='word_1_27' title='bbox 922 850 1192 936; x_wconf 82' lang='lat' dir='ltr'>desolacionibus,</span> <span class='ocrx_word' id='word_1_28' title='bbox 1208 849 1444 936; x_wconf 85' lang='lat' dir='ltr'>asportaeioni-</span> 
     </span>
     <span class='ocr_line' id='line_1_6' title="bbox 317 953 1446 1045; baseline -0.003 -21"><span class='ocrx_word' id='word_1_29' title='bbox 317 957 377 1025; x_wconf 85' lang='lat' dir='ltr'>bus</span> <span class='ocrx_word' id='word_1_30' title='bbox 394 957 590 1027; x_wconf 81' lang='lat' dir='ltr'>edificiorum</span> <span class='ocrx_word' id='word_1_31' title='bbox 606 969 639 1028; x_wconf 89' lang='lat' dir='ltr'>et</span> <span class='ocrx_word' id='word_1_32' title='bbox 651 959 799 1044; x_wconf 84' lang='lat' dir='ltr'>dampnis</span> <span class='ocrx_word' id='word_1_33' title='bbox 815 957 956 1028; x_wconf 84' lang='lat' dir='ltr'>reddidit</span> <span class='ocrx_word' id='word_1_34' title='bbox 971 959 1004 1026; x_wconf 91' lang='lat' dir='ltr'>iu</span> <span class='ocrx_word' id='word_1_35' title='bbox 1021 959 1169 1026; x_wconf 89' lang='lat' dir='ltr'>omuibus</span> <span class='ocrx_word' id='word_1_36' title='bbox 1185 965 1218 1025; x_wconf 87' lang='lat' dir='ltr'>ct</span> <span class='ocrx_word' id='word_1_37' title='bbox 1246 977 1305 1045; x_wconf 87' lang='lat' dir='ltr'>per</span> <span class='ocrx_word' id='word_1_38' title='bbox 1335 953 1446 1023; x_wconf 84' lang='lat' dir='ltr'>omnia</span> 
     </span>
     <span class='ocr_line' id='line_1_7' title="bbox 319 1062 1445 1150; baseline -0.002 -19"><span class='ocrx_word' id='word_1_39' title='bbox 319 1065 488 1150; x_wconf 84' lang='lat' dir='ltr'>expeditos</span> <span class='ocrx_word' id='word_1_40' title='bbox 520 1066 677 1134; x_wconf 81' lang='lat' dir='ltr'>Comitem</span> <span class='ocrx_word' id='word_1_41' title='bbox 707 1066 911 1134; x_wconf 83' lang='lat' dir='ltr'>Lnlracbiunr</span> <span class='ocrx_word' id='word_1_42' title='bbox 943 1072 976 1133; x_wconf 85' lang='lat' dir='ltr'>ut</span> <span class='ocrx_word' id='word_1_43' title='bbox 991 1065 1107 1133; x_wconf 86' lang='lat' dir='ltr'>iratres</span> <span class='ocrx_word' id='word_1_44' title='bbox 1138 1083 1214 1133; x_wconf 86' lang='lat' dir='ltr'>snus</span> <span class='ocrx_word' id='word_1_45' title='bbox 1238 1062 1445 1150; x_wconf 82' lang='lat' dir='ltr'>supradictos</span> 
     </span>
     <span class='ocr_line' id='line_1_8' title="bbox 315 1172 1446 1260; baseline -0.002 -22"><span class='ocrx_word' id='word_1_46' title='bbox 315 1175 452 1258; x_wconf 85' lang='lat' dir='ltr'>penitus</span> <span class='ocrx_word' id='word_1_47' title='bbox 469 1178 502 1240; x_wconf 89' lang='lat' dir='ltr'>et</span> <span class='ocrx_word' id='word_1_48' title='bbox 517 1175 657 1242; x_wconf 90' lang='lat' dir='ltr'>omnino.</span> <span class='ocrx_word' id='word_1_49' title='bbox 685 1172 777 1241; x_wconf 86' lang='lat' dir='ltr'>Vnde</span> <span class='ocrx_word' id='word_1_50' title='bbox 808 1193 868 1240; x_wconf 85' lang='lat' dir='ltr'>nos</span> <span class='ocrx_word' id='word_1_51' title='bbox 897 1174 1046 1260; x_wconf 84' lang='lat' dir='ltr'>partibus</span> <span class='ocrx_word' id='word_1_52' title='bbox 1075 1172 1255 1240; x_wconf 83' lang='lat' dir='ltr'>uolentibus</span> <span class='ocrx_word' id='word_1_53' title='bbox 1272 1179 1306 1239; x_wconf 89' lang='lat' dir='ltr'>et</span> <span class='ocrx_word' id='word_1_54' title='bbox 1335 1177 1446 1256; x_wconf 74' lang='lat' dir='ltr'>peren</span> 
     </span>
     <span class='ocr_line' id='line_1_9' title="bbox 321 1276 1444 1368; baseline -0.001 -25"><span class='ocrx_word' id='word_1_55' title='bbox 321 1280 407 1348; x_wconf 85' lang='lat' dir='ltr'>tibus</span> <span class='ocrx_word' id='word_1_56' title='bbox 447 1279 637 1368; x_wconf 79' lang='lat' dir='ltr'>Magistrum</span> <span class='ocrx_word' id='word_1_57' title='bbox 677 1281 879 1368; x_wconf 87' lang='lat' dir='ltr'>llycbaelem</span> <span class='ocrx_word' id='word_1_58' title='bbox 919 1278 1155 1348; x_wconf 78' lang='lat' dir='ltr'>cancellarium</span> <span class='ocrx_word' id='word_1_59' title='bbox 1197 1279 1309 1348; x_wconf 87' lang='lat' dir='ltr'>anulei</span> <span class='ocrx_word' id='word_1_60' title='bbox 1338 1276 1444 1363; x_wconf 77' lang='lat' dir='ltr'>sigilli</span> 
     </span>
     <span class='ocr_line' id='line_1_10' title="bbox 317 1383 1444 1474; baseline -0.001 -22"><span class='ocrx_word' id='word_1_61' title='bbox 317 1387 429 1472; x_wconf 89' lang='lat' dir='ltr'>nostri,</span> <span class='ocrx_word' id='word_1_62' title='bbox 448 1389 681 1457; x_wconf 74' lang='lat' dir='ltr'>clementinum</span> <span class='ocrx_word' id='word_1_63' title='bbox 704 1389 806 1456; x_wconf 89' lang='lat' dir='ltr'>lilium</span> <span class='ocrx_word' id='word_1_64' title='bbox 837 1385 949 1474; x_wconf 77' lang='lat' dir='ltr'>(laccy</span> <span class='ocrx_word' id='word_1_65' title='bbox 979 1387 1021 1454; x_wconf 91' lang='lat' dir='ltr'>de</span> <span class='ocrx_word' id='word_1_66' title='bbox 1051 1385 1190 1474; x_wconf 83' lang='lat' dir='ltr'>Domok,</span> <span class='ocrx_word' id='word_1_67' title='bbox 1223 1392 1256 1454; x_wconf 88' lang='lat' dir='ltr'>et</span> <span class='ocrx_word' id='word_1_68' title='bbox 1285 1383 1444 1453; x_wconf 80' lang='lat' dir='ltr'>Comitem</span> 
     </span>
     <span class='ocr_line' id='line_1_11' title="bbox 316 1491 1444 1581; baseline -0.002 -21"><span class='ocrx_word' id='word_1_69' title='bbox 316 1497 445 1562; x_wconf 91' lang='lat' dir='ltr'>Petrum</span> <span class='ocrx_word' id='word_1_70' title='bbox 477 1497 580 1562; x_wconf 90' lang='lat' dir='ltr'>lilium</span> <span class='ocrx_word' id='word_1_71' title='bbox 613 1493 764 1581; x_wconf 82' lang='lat' dir='ltr'>Dycnisij</span> <span class='ocrx_word' id='word_1_72' title='bbox 781 1494 823 1563; x_wconf 90' lang='lat' dir='ltr'>de</span> <span class='ocrx_word' id='word_1_73' title='bbox 837 1495 933 1563; x_wconf 84' lang='lat' dir='ltr'>Bada</span> <span class='ocrx_word' id='word_1_74' title='bbox 952 1512 1048 1562; x_wconf 74' lang='lat' dir='ltr'>vuum</span> <span class='ocrx_word' id='word_1_75' title='bbox 1065 1514 1104 1560; x_wconf 82' lang='lat' dir='ltr'>ex</span> <span class='ocrx_word' id='word_1_76' title='bbox 1119 1499 1256 1576; x_wconf 88' lang='lat' dir='ltr'>quatuor</span> <span class='ocrx_word' id='word_1_77' title='bbox 1270 1491 1444 1560; x_wconf 86' lang='lat' dir='ltr'>Judicibus</span> 
     </span>
     <span class='ocr_line' id='line_1_12' title="bbox 317 1600 1446 1688; baseline 0 -22"><span class='ocrx_word' id='word_1_78' title='bbox 317 1600 481 1669; x_wconf 87' lang='lat' dir='ltr'>Nobilium</span> <span class='ocrx_word' id='word_1_79' title='bbox 498 1601 538 1668; x_wconf 90' lang='lat' dir='ltr'>do</span> <span class='ocrx_word' id='word_1_80' title='bbox 554 1601 666 1670; x_wconf 87' lang='lat' dir='ltr'>eodem</span> <span class='ocrx_word' id='word_1_81' title='bbox 683 1603 853 1685; x_wconf 86' lang='lat' dir='ltr'>Comitatn,</span> <span class='ocrx_word' id='word_1_82' title='bbox 877 1608 1130 1672; x_wconf 88' lang='lat' dir='ltr'>cemmetuuenm</span> <span class='ocrx_word' id='word_1_83' title='bbox 1159 1603 1329 1688; x_wconf 70' lang='lat' dir='ltr'>prenotate</span> <span class='ocrx_word' id='word_1_84' title='bbox 1359 1605 1446 1666; x_wconf 91' lang='lat' dir='ltr'>terre</span> 
     </span>
     <span class='ocr_line' id='line_1_13' title="bbox 316 1705 1444 1793; baseline 0.001 -18"><span class='ocrx_word' id='word_1_85' title='bbox 316 1707 532 1793; x_wconf 82' lang='lat' dir='ltr'>contentioso,</span> <span class='ocrx_word' id='word_1_86' title='bbox 562 1707 673 1776; x_wconf 85' lang='lat' dir='ltr'>fideles</span> <span class='ocrx_word' id='word_1_87' title='bbox 714 1717 842 1776; x_wconf 87' lang='lat' dir='ltr'>nostros</span> <span class='ocrx_word' id='word_1_88' title='bbox 882 1709 925 1776; x_wconf 88' lang='lat' dir='ltr'>ad</span> <span class='ocrx_word' id='word_1_89' title='bbox 956 1707 1226 1776; x_wconf 84' lang='lat' dir='ltr'>reambnlandnm</span> <span class='ocrx_word' id='word_1_90' title='bbox 1264 1705 1444 1792; x_wconf 74' lang='lat' dir='ltr'>predictam</span> 
     </span>
     <span class='ocr_line' id='line_1_14' title="bbox 317 1811 1446 1902; baseline -0.002 -20"><span class='ocrx_word' id='word_1_91' title='bbox 317 1813 509 1902; x_wconf 88' lang='lat' dir='ltr'>particulam</span> <span class='ocrx_word' id='word_1_92' title='bbox 525 1821 621 1901; x_wconf 86' lang='lat' dir='ltr'>terre,</span> <span class='ocrx_word' id='word_1_93' title='bbox 653 1820 686 1881; x_wconf 92' lang='lat' dir='ltr'>et</span> <span class='ocrx_word' id='word_1_94' title='bbox 717 1813 931 1884; x_wconf 87' lang='lat' dir='ltr'>decidendum</span> <span class='ocrx_word' id='word_1_95' title='bbox 963 1834 1021 1881; x_wconf 86' lang='lat' dir='ltr'>sen</span> <span class='ocrx_word' id='word_1_96' title='bbox 1052 1813 1272 1901; x_wconf 86' lang='lat' dir='ltr'>separandum</span> <span class='ocrx_word' id='word_1_97' title='bbox 1302 1811 1345 1878; x_wconf 91' lang='lat' dir='ltr'>ab</span> <span class='ocrx_word' id='word_1_98' title='bbox 1376 1812 1446 1880; x_wconf 76' lang='lat' dir='ltr'>alie</span> 
     </span>
     <span class='ocr_line' id='line_1_15' title="bbox 284 1919 1438 2008; baseline -0.003 -19"><span class='ocrx_word' id='word_1_99' title='bbox 284 1929 404 2004; x_wconf 64' lang='lat' dir='ltr'>„terre</span> <span class='ocrx_word' id='word_1_100' title='bbox 434 1920 589 1990; x_wconf 83' lang='lat' dir='ltr'>dictorum</span> <span class='ocrx_word' id='word_1_101' title='bbox 619 1922 759 1990; x_wconf 85' lang='lat' dir='ltr'>liliorum</span> <span class='ocrx_word' id='word_1_102' title='bbox 790 1921 882 1989; x_wconf 89' lang='lat' dir='ltr'>Pauli</span> <span class='ocrx_word' id='word_1_103' title='bbox 908 1920 1083 2008; x_wconf 84' lang='lat' dir='ltr'>Korychan</span> <span class='ocrx_word' id='word_1_104' title='bbox 1100 1919 1245 2008; x_wconf 85' lang='lat' dir='ltr'>predicta</span> <span class='ocrx_word' id='word_1_105' title='bbox 1260 1937 1318 2006; x_wconf 88' lang='lat' dir='ltr'>per</span> <span class='ocrx_word' id='word_1_106' title='bbox 1333 1925 1438 1986; x_wconf 78' lang='lat' dir='ltr'>melun</span> 
     </span>
     <span class='ocr_line' id='line_1_16' title="bbox 318 2026 1443 2114; baseline -0.004 -18"><span class='ocrx_word' id='word_1_107' title='bbox 318 2028 591 2114; x_wconf 86' lang='lat' dir='ltr'>etlimitncicnes,</span> <span class='ocrx_word' id='word_1_108' title='bbox 608 2029 758 2098; x_wconf 82' lang='lat' dir='ltr'>duximus</span> <span class='ocrx_word' id='word_1_109' title='bbox 774 2027 986 2097; x_wconf 87' lang='lat' dir='ltr'>destinandos</span> <span class='ocrx_word' id='word_1_110' title='bbox 1016 2048 1088 2096; x_wconf 90' lang='lat' dir='ltr'>eum</span> <span class='ocrx_word' id='word_1_111' title='bbox 1120 2028 1262 2110; x_wconf 67' lang='lat' dir='ltr'>eisdem</span> <span class='ocrx_word' id='word_1_112' title='bbox 1287 2027 1345 2112; x_wconf 88' lang='lat' dir='ltr'>qui</span> <span class='ocrx_word' id='word_1_113' title='bbox 1374 2026 1443 2110; x_wconf 83' lang='lat' dir='ltr'>qni-</span> 
     </span>
     <span class='ocr_line' id='line_1_17' title="bbox 317 2135 1442 2226; baseline -0.003 -24"><span class='ocrx_word' id='word_1_114' title='bbox 317 2135 391 2203; x_wconf 91' lang='lat' dir='ltr'>dem</span> <span class='ocrx_word' id='word_1_115' title='bbox 422 2137 578 2222; x_wconf 82' lang='lat' dir='ltr'>Magister</span> <span class='ocrx_word' id='word_1_116' title='bbox 607 2137 766 2226; x_wconf 87' lang='lat' dir='ltr'>Mycbael,</span> <span class='ocrx_word' id='word_1_117' title='bbox 799 2137 1018 2206; x_wconf 73' lang='lat' dir='ltr'>Clementinns</span> <span class='ocrx_word' id='word_1_118' title='bbox 1046 2143 1080 2203; x_wconf 88' lang='lat' dir='ltr'>et</span> <span class='ocrx_word' id='word_1_119' title='bbox 1109 2139 1225 2204; x_wconf 88' lang='lat' dir='ltr'>Petrus</span> <span class='ocrx_word' id='word_1_120' title='bbox 1255 2135 1355 2204; x_wconf 87' lang='lat' dir='ltr'>simul</span> <span class='ocrx_word' id='word_1_121' title='bbox 1371 2153 1442 2200; x_wconf 88' lang='lat' dir='ltr'>cum</span> 
     </span>
     <span class='ocr_line' id='line_1_18' title="bbox 317 2241 1442 2330; baseline -0.002 -20"><span class='ocrx_word' id='word_1_122' title='bbox 317 2243 439 2312; x_wconf 87' lang='lat' dir='ltr'>eisdem</span> <span class='ocrx_word' id='word_1_123' title='bbox 456 2242 604 2330; x_wconf 84' lang='lat' dir='ltr'>partibus</span> <span class='ocrx_word' id='word_1_124' title='bbox 620 2245 663 2312; x_wconf 87' lang='lat' dir='ltr'>ad</span> <span class='ocrx_word' id='word_1_125' title='bbox 679 2265 738 2313; x_wconf 91' lang='lat' dir='ltr'>uos</span> <span class='ocrx_word' id='word_1_126' title='bbox 754 2247 877 2314; x_wconf 87' lang='lat' dir='ltr'>reuersi</span> <span class='ocrx_word' id='word_1_127' title='bbox 894 2244 1004 2313; x_wconf 90' lang='lat' dir='ltr'>eodem</span> <span class='ocrx_word' id='word_1_128' title='bbox 1036 2242 1097 2330; x_wconf 89' lang='lat' dir='ltr'>dic,</span> <span class='ocrx_word' id='word_1_129' title='bbox 1128 2241 1279 2312; x_wconf 85' lang='lat' dir='ltr'>videlicet</span> <span class='ocrx_word' id='word_1_130' title='bbox 1309 2244 1344 2310; x_wconf 94' lang='lat' dir='ltr'>in</span> <span class='ocrx_word' id='word_1_131' title='bbox 1374 2259 1442 2308; x_wconf 79' lang='lat' dir='ltr'>cra·</span> 
     </span>
     <span class='ocr_line' id='line_1_19' title="bbox 317 2349 1443 2439; baseline -0.002 -21"><span class='ocrx_word' id='word_1_132' title='bbox 317 2349 402 2419; x_wconf 89' lang='lat' dir='ltr'>stino</span> <span class='ocrx_word' id='word_1_133' title='bbox 433 2355 641 2421; x_wconf 87' lang='lat' dir='ltr'>Pentecostes</span> <span class='ocrx_word' id='word_1_134' title='bbox 670 2353 882 2439; x_wconf 89' lang='lat' dir='ltr'>protulerunt,</span> <span class='ocrx_word' id='word_1_135' title='bbox 914 2351 1000 2438; x_wconf 85' lang='lat' dir='ltr'>quod</span> <span class='ocrx_word' id='word_1_136' title='bbox 1031 2354 1103 2438; x_wconf 91' lang='lat' dir='ltr'>ipse</span> <span class='ocrx_word' id='word_1_137' title='bbox 1127 2359 1237 2438; x_wconf 86' lang='lat' dir='ltr'>partes</span> <span class='ocrx_word' id='word_1_138' title='bbox 1252 2350 1286 2418; x_wconf 94' lang='lat' dir='ltr'>in</span> <span class='ocrx_word' id='word_1_139' title='bbox 1302 2350 1443 2438; x_wconf 85' lang='lat' dir='ltr'>ipsorum</span> 
     </span>
     <span class='ocr_line' id='line_1_20' title="bbox 316 2460 1444 2548; baseline 0.002 -24"><span class='ocrx_word' id='word_1_140' title='bbox 316 2460 486 2546; x_wconf 77' lang='lat' dir='ltr'>presencia</span> <span class='ocrx_word' id='word_1_141' title='bbox 502 2461 704 2528; x_wconf 88' lang='lat' dir='ltr'>concorditer</span> <span class='ocrx_word' id='word_1_142' title='bbox 735 2462 858 2529; x_wconf 88' lang='lat' dir='ltr'>dietam</span> <span class='ocrx_word' id='word_1_143' title='bbox 889 2460 1083 2548; x_wconf 84' lang='lat' dir='ltr'>particulam</span> <span class='ocrx_word' id='word_1_144' title='bbox 1114 2467 1198 2528; x_wconf 85' lang='lat' dir='ltr'>terre</span> <span class='ocrx_word' id='word_1_145' title='bbox 1212 2480 1235 2527; x_wconf 88' lang='lat' dir='ltr'>a</span> <span class='ocrx_word' id='word_1_146' title='bbox 1264 2465 1444 2528; x_wconf 80' lang='lat' dir='ltr'>memorata</span> 
     </span>
     <span class='ocr_line' id='line_1_21' title="bbox 317 2565 1443 2653; baseline 0.001 -20"><span class='ocrx_word' id='word_1_147' title='bbox 317 2575 405 2634; x_wconf 86' lang='lat' dir='ltr'>terra</span> <span class='ocrx_word' id='word_1_148' title='bbox 436 2565 612 2650; x_wconf 85' lang='lat' dir='ltr'>Korychan</span> <span class='ocrx_word' id='word_1_149' title='bbox 641 2585 701 2653; x_wconf 85' lang='lat' dir='ltr'>per</span> <span class='ocrx_word' id='word_1_150' title='bbox 731 2567 912 2636; x_wconf 87' lang='lat' dir='ltr'>huiusmodi</span> <span class='ocrx_word' id='word_1_151' title='bbox 933 2575 1037 2635; x_wconf 86' lang='lat' dir='ltr'>metas</span> <span class='ocrx_word' id='word_1_152' title='bbox 1055 2573 1087 2634; x_wconf 86' lang='lat' dir='ltr'>et</span> <span class='ocrx_word' id='word_1_153' title='bbox 1103 2565 1335 2634; x_wconf 76' lang='lat' dir='ltr'>disdnceionee</span> <span class='ocrx_word' id='word_1_154' title='bbox 1351 2584 1443 2650; x_wconf 81' lang='lat' dir='ltr'>sepu-</span> 
     </span>
     <span class='ocr_line' id='line_1_22' title="bbox 317 2672 1444 2761; baseline -0.002 -21"><span class='ocrx_word' id='word_1_155' title='bbox 317 2680 442 2741; x_wconf 88' lang='lat' dir='ltr'>rassent</span> <span class='ocrx_word' id='word_1_156' title='bbox 457 2699 464 2740; x_wconf 89' lang='lat'><strong>:</strong></span> <span class='ocrx_word' id='word_1_157' title='bbox 480 2673 588 2740; x_wconf 86' lang='lat' dir='ltr'>Primo</span> <span class='ocrx_word' id='word_1_158' title='bbox 618 2674 735 2760; x_wconf 89' lang='lat' dir='ltr'>incipit</span> <span class='ocrx_word' id='word_1_159' title='bbox 766 2695 864 2761; x_wconf 89' lang='lat' dir='ltr'>prope</span> <span class='ocrx_word' id='word_1_160' title='bbox 906 2675 1073 2760; x_wconf 86' lang='lat' dir='ltr'>quandam</span> <span class='ocrx_word' id='word_1_161' title='bbox 1102 2673 1233 2757; x_wconf 82' lang='lat' dir='ltr'>vallem,</span> <span class='ocrx_word' id='word_1_162' title='bbox 1265 2691 1330 2757; x_wconf 90' lang='lat' dir='ltr'>que</span> <span class='ocrx_word' id='word_1_163' title='bbox 1360 2672 1444 2740; x_wconf 86' lang='lat' dir='ltr'>inter</span> 
     </span>
     <span class='ocr_line' id='line_1_23' title="bbox 316 2779 1442 2869; baseline 0.002 -21"><span class='ocrx_word' id='word_1_164' title='bbox 316 2790 418 2849; x_wconf 81' lang='lat' dir='ltr'>terroe</span> <span class='ocrx_word' id='word_1_165' title='bbox 434 2781 571 2866; x_wconf 81' lang='lat' dir='ltr'>Naragb</span> <span class='ocrx_word' id='word_1_166' title='bbox 587 2789 619 2848; x_wconf 88' lang='lat' dir='ltr'>et</span> <span class='ocrx_word' id='word_1_167' title='bbox 634 2783 748 2850; x_wconf 82' lang='lat' dir='ltr'>Ermus</span> <span class='ocrx_word' id='word_1_168' title='bbox 764 2783 927 2869; x_wconf 86' lang='lat' dir='ltr'>predictas</span> <span class='ocrx_word' id='word_1_169' title='bbox 943 2780 1112 2850; x_wconf 85' lang='lat' dir='ltr'>descendit</span> <span class='ocrx_word' id='word_1_170' title='bbox 1126 2799 1239 2850; x_wconf 79' lang='lat' dir='ltr'>versus</span> <span class='ocrx_word' id='word_1_171' title='bbox 1253 2779 1442 2850; x_wconf 78' lang='lat' dir='ltr'>meridiemi</span> 
     </span>
     <span class='ocr_line' id='line_1_24' title="bbox 316 2885 1444 2974; baseline 0 -20"><span class='ocrx_word' id='word_1_172' title='bbox 316 2890 371 2956; x_wconf 85' lang='lat' dir='ltr'>vbi</span> <span class='ocrx_word' id='word_1_173' title='bbox 387 2888 458 2974; x_wconf 84' lang='lat' dir='ltr'>ipsu</span> <span class='ocrx_word' id='word_1_174' title='bbox 474 2887 571 2956; x_wconf 85' lang='lat' dir='ltr'>vallis</span> <span class='ocrx_word' id='word_1_175' title='bbox 587 2889 691 2971; x_wconf 79' lang='lat' dir='ltr'>iungit</span> <span class='ocrx_word' id='word_1_176' title='bbox 707 2890 824 2957; x_wconf 86' lang='lat' dir='ltr'>vallem</span> <span class='ocrx_word' id='word_1_177' title='bbox 835 2887 995 2957; x_wconf 88' lang='lat' dir='ltr'>modicam</span> <span class='ocrx_word' id='word_1_178' title='bbox 1007 2885 1265 2974; x_wconf 78' lang='lat' dir='ltr'>Korycbwculgh</span> <span class='ocrx_word' id='word_1_179' title='bbox 1283 2891 1444 2970; x_wconf 79' lang='lat' dir='ltr'>necatum,</span> 
     </span>
     <span class='ocr_line' id='line_1_25' title="bbox 315 2995 1443 3080; baseline -0.001 -19"><span class='ocrx_word' id='word_1_180' title='bbox 315 2995 361 3062; x_wconf 88' lang='lat' dir='ltr'>ibi</span> <span class='ocrx_word' id='word_1_181' title='bbox 378 3004 506 3080; x_wconf 85' lang='lat' dir='ltr'>aparte</span> <span class='ocrx_word' id='word_1_182' title='bbox 521 2996 670 3065; x_wconf 90' lang='lat' dir='ltr'>orientali</span> <span class='ocrx_word' id='word_1_183' title='bbox 685 3001 759 3064; x_wconf 86' lang='lat' dir='ltr'>sunt</span> <span class='ocrx_word' id='word_1_184' title='bbox 776 3002 842 3066; x_wconf 85' lang='lat' dir='ltr'>tres</span> <span class='ocrx_word' id='word_1_185' title='bbox 856 3003 951 3077; x_wconf 89' lang='lat' dir='ltr'>mete,</span> <span class='ocrx_word' id='word_1_186' title='bbox 979 3015 1042 3080; x_wconf 88' lang='lat' dir='ltr'>qne</span> <span class='ocrx_word' id='word_1_187' title='bbox 1056 3001 1213 3080; x_wconf 88' lang='lat' dir='ltr'>separant</span> <span class='ocrx_word' id='word_1_188' title='bbox 1239 2995 1324 3061; x_wconf 88' lang='lat' dir='ltr'>inter</span> <span class='ocrx_word' id='word_1_189' title='bbox 1339 3001 1443 3060; x_wconf 84' lang='lat' dir='ltr'>terras</span> 
     </span>
     <span class='ocr_line' id='line_1_26' title="bbox 316 3100 1444 3189; baseline -0.004 -19"><span class='ocrx_word' id='word_1_190' title='bbox 316 3102 462 3188; x_wconf 82' lang='lat' dir='ltr'>Naragb,</span> <span class='ocrx_word' id='word_1_191' title='bbox 479 3103 599 3171; x_wconf 85' lang='lat' dir='ltr'>Ermos</span> <span class='ocrx_word' id='word_1_192' title='bbox 614 3107 648 3168; x_wconf 87' lang='lat' dir='ltr'>et</span> <span class='ocrx_word' id='word_1_193' title='bbox 663 3102 836 3189; x_wconf 81' lang='lat' dir='ltr'>Korycluan</span> <span class='ocrx_word' id='word_1_194' title='bbox 867 3103 1048 3188; x_wconf 87' lang='lat' dir='ltr'>predictcs;</span> <span class='ocrx_word' id='word_1_195' title='bbox 1071 3103 1148 3170; x_wconf 88' lang='lat' dir='ltr'>inde</span> <span class='ocrx_word' id='word_1_196' title='bbox 1177 3100 1345 3186; x_wconf 77' lang='lat' dir='ltr'>egreditur</span> <span class='ocrx_word' id='word_1_197' title='bbox 1374 3119 1444 3167; x_wconf 82' lang='lat' dir='ltr'>ner·</span> 
     </span>
     <span class='ocr_line' id='line_1_27' title="bbox 316 3210 1444 3298; baseline 0 -21"><span class='ocrx_word' id='word_1_198' title='bbox 316 3230 371 3278; x_wconf 84' lang='lat' dir='ltr'>eus</span> <span class='ocrx_word' id='word_1_199' title='bbox 403 3210 569 3278; x_wconf 89' lang='lat' dir='ltr'>meridiem</span> <span class='ocrx_word' id='word_1_200' title='bbox 595 3231 659 3296; x_wconf 89' lang='lat' dir='ltr'>per</span> <span class='ocrx_word' id='word_1_201' title='bbox 689 3211 827 3279; x_wconf 89' lang='lat' dir='ltr'>eandem</span> <span class='ocrx_word' id='word_1_202' title='bbox 867 3212 984 3278; x_wconf 84' lang='lat' dir='ltr'>vollem</span> <span class='ocrx_word' id='word_1_203' title='bbox 1023 3211 1251 3298; x_wconf 81' lang='lat' dir='ltr'>Wyseswenlg</span> <span class='ocrx_word' id='word_1_204' title='bbox 1282 3215 1444 3294; x_wconf 62' lang='lat' dir='ltr'>noenum,</span> 
     </span>
     <span class='ocr_line' id='line_1_28' title="bbox 313 3317 1446 3407; baseline -0.002 -23"><span class='ocrx_word' id='word_1_205' title='bbox 313 3317 419 3402; x_wconf 82' lang='lat' dir='ltr'>iungit</span> <span class='ocrx_word' id='word_1_206' title='bbox 434 3318 567 3386; x_wconf 88' lang='lat' dir='ltr'>arbores</span> <span class='ocrx_word' id='word_1_207' title='bbox 587 3319 659 3407; x_wconf 86' lang='lat' dir='ltr'>piri,</span> <span class='ocrx_word' id='word_1_208' title='bbox 677 3325 710 3386; x_wconf 91' lang='lat' dir='ltr'>ct</span> <span class='ocrx_word' id='word_1_209' title='bbox 726 3318 983 3406; x_wconf 85' lang='lat' dir='ltr'>pertranseundo</span> <span class='ocrx_word' id='word_1_210' title='bbox 1010 3320 1101 3405; x_wconf 83' lang='lat' dir='ltr'>ipsas</span> <span class='ocrx_word' id='word_1_211' title='bbox 1118 3327 1167 3385; x_wconf 85' lang='lat' dir='ltr'>cst</span> <span class='ocrx_word' id='word_1_212' title='bbox 1198 3323 1285 3384; x_wconf 88' lang='lat' dir='ltr'>meta</span> <span class='ocrx_word' id='word_1_213' title='bbox 1315 3321 1446 3401; x_wconf 80' lang='lat' dir='ltr'>terrea;</span> 
     </span>
     <span class='ocr_line' id='line_1_29' title="bbox 314 3423 1445 3513; baseline -0.001 -23"><span class='ocrx_word' id='word_1_214' title='bbox 314 3424 392 3493; x_wconf 92' lang='lat' dir='ltr'>inde</span> <span class='ocrx_word' id='word_1_215' title='bbox 422 3425 528 3491; x_wconf 86' lang='lat' dir='ltr'>eundo</span> <span class='ocrx_word' id='word_1_216' title='bbox 560 3425 682 3494; x_wconf 87' lang='lat' dir='ltr'>directe</span> <span class='ocrx_word' id='word_1_217' title='bbox 714 3447 773 3512; x_wconf 89' lang='lat' dir='ltr'>per</span> <span class='ocrx_word' id='word_1_218' title='bbox 804 3425 934 3496; x_wconf 89' lang='lat' dir='ltr'>fluuium</span> <span class='ocrx_word' id='word_1_219' title='bbox 963 3426 1064 3512; x_wconf 82' lang='lat' dir='ltr'>potolr</span> <span class='ocrx_word' id='word_1_220' title='bbox 1080 3433 1238 3513; x_wconf 84' lang='lat' dir='ltr'>uocatum,</span> <span class='ocrx_word' id='word_1_221' title='bbox 1253 3426 1309 3510; x_wconf 87' lang='lat' dir='ltr'>qui</span> <span class='ocrx_word' id='word_1_222' title='bbox 1323 3423 1445 3490; x_wconf 83' lang='lat' dir='ltr'>{lunius</span> 
     </span>
     <span class='ocr_line' id='line_1_30' title="bbox 313 3529 1446 3621; baseline 0 -26"><span class='ocrx_word' id='word_1_223' title='bbox 313 3532 347 3596; x_wconf 90' lang='lat' dir='ltr'>in</span> <span class='ocrx_word' id='word_1_224' title='bbox 364 3531 436 3619; x_wconf 87' lang='lat' dir='ltr'>ipsa</span> <span class='ocrx_word' id='word_1_225' title='bbox 450 3533 537 3599; x_wconf 87' lang='lat' dir='ltr'>valle</span> <span class='ocrx_word' id='word_1_226' title='bbox 552 3540 697 3620; x_wconf 88' lang='lat' dir='ltr'>tempore</span> <span class='ocrx_word' id='word_1_227' title='bbox 713 3554 838 3618; x_wconf 86' lang='lat' dir='ltr'>aquoso</span> <span class='ocrx_word' id='word_1_228' title='bbox 855 3535 963 3621; x_wconf 86' lang='lat' dir='ltr'>currit,</span> <span class='ocrx_word' id='word_1_229' title='bbox 981 3542 1013 3601; x_wconf 89' lang='lat' dir='ltr'>et</span> <span class='ocrx_word' id='word_1_230' title='bbox 1029 3533 1118 3602; x_wconf 86' lang='lat' dir='ltr'>cudit</span> <span class='ocrx_word' id='word_1_231' title='bbox 1133 3535 1168 3600; x_wconf 91' lang='lat' dir='ltr'>in</span> <span class='ocrx_word' id='word_1_232' title='bbox 1185 3532 1317 3602; x_wconf 87' lang='lat' dir='ltr'>fluuium</span> <span class='ocrx_word' id='word_1_233' title='bbox 1350 3529 1446 3598; x_wconf 83' lang='lat' dir='ltr'>Zaba</span> 
     </span>
    </p>
   </div>
   <div class='ocr_carea' id='block_1_3' title="bbox 217 3638 1446 3730">
    <p class='ocr_par' dir='ltr' id='par_1_3' title="bbox 217 3638 1446 3730">
     <span class='ocr_line' id='line_1_31' title="bbox 217 3638 1446 3730; baseline -0.006 -18"><span class='ocrx_word' id='word_1_234' title='bbox 217 3698 224 3712; x_wconf 94' lang='lat'><strong>.</strong></span> <span class='ocrx_word' id='word_1_235' title='bbox 315 3645 475 3723; x_wconf 87' lang='lat' dir='ltr'>uocatum,</span> <span class='ocrx_word' id='word_1_236' title='bbox 506 3643 658 3726; x_wconf 85' lang='lat' dir='ltr'>peruenit</span> <span class='ocrx_word' id='word_1_237' title='bbox 688 3643 732 3708; x_wconf 83' lang='lat' dir='ltr'>ad</span> <span class='ocrx_word' id='word_1_238' title='bbox 763 3639 847 3710; x_wconf 86' lang='lat' dir='ltr'>duas</span> <span class='ocrx_word' id='word_1_239' title='bbox 877 3644 1009 3710; x_wconf 87' lang='lat' dir='ltr'>arbores</span> <span class='ocrx_word' id='word_1_240' title='bbox 1040 3641 1113 3730; x_wconf 84' lang='lat' dir='ltr'>piri,</span> <span class='ocrx_word' id='word_1_241' title='bbox 1143 3641 1204 3710; x_wconf 88' lang='lat' dir='ltr'>sub</span> <span class='ocrx_word' id='word_1_242' title='bbox 1219 3641 1338 3723; x_wconf 85' lang='lat' dir='ltr'>quibus</span> <span class='ocrx_word' id='word_1_243' title='bbox 1353 3638 1446 3705; x_wconf 83' lang='lat' dir='ltr'>iuxta</span> 
     </span>
    </p>
   </div>
   <div class='ocr_carea' id='block_1_4' title="bbox 313 3745 1447 3941">
    <p class='ocr_par' dir='ltr' id='par_1_4' title="bbox 313 3745 1447 3941">
     <span class='ocr_line' id='line_1_32' title="bbox 313 3745 1445 3840; baseline -0.002 -26"><span class='ocrx_word' id='word_1_244' title='bbox 313 3747 419 3834; x_wconf 85' lang='lat' dir='ltr'>ipsum</span> <span class='ocrx_word' id='word_1_245' title='bbox 435 3749 567 3816; x_wconf 85' lang='lat' dir='ltr'>fluuium</span> <span class='ocrx_word' id='word_1_246' title='bbox 584 3749 686 3818; x_wconf 80' lang='lat' dir='ltr'>&#39;dwha</span> <span class='ocrx_word' id='word_1_247' title='bbox 701 3758 751 3818; x_wconf 89' lang='lat' dir='ltr'>est</span> <span class='ocrx_word' id='word_1_248' title='bbox 766 3771 832 3818; x_wconf 86' lang='lat' dir='ltr'>vna</span> <span class='ocrx_word' id='word_1_249' title='bbox 856 3757 945 3816; x_wconf 86' lang='lat' dir='ltr'>meta</span> <span class='ocrx_word' id='word_1_250' title='bbox 975 3758 1097 3830; x_wconf 82' lang='lat' dir='ltr'>terrea3</span> <span class='ocrx_word' id='word_1_251' title='bbox 1123 3757 1154 3817; x_wconf 90' lang='lat' dir='ltr'>et</span> <span class='ocrx_word' id='word_1_252' title='bbox 1184 3745 1445 3840; x_wconf 82' lang='lat' dir='ltr'>pertranseundo</span> 
     </span>
     <span class='ocr_line' id='line_1_33' title="bbox 314 3853 1447 3941; baseline -0.002 -21"><span class='ocrx_word' id='word_1_253' title='bbox 314 3858 418 3941; x_wconf 88' lang='lat' dir='ltr'>ipsum</span> <span class='ocrx_word' id='word_1_254' title='bbox 449 3855 579 3922; x_wconf 90' lang='lat' dir='ltr'>fluuium</span> <span class='ocrx_word' id='word_1_255' title='bbox 610 3857 717 3923; x_wconf 88' lang='lat' dir='ltr'>eundo</span> <span class='ocrx_word' id='word_1_256' title='bbox 749 3858 870 3924; x_wconf 84' lang='lat' dir='ltr'>directe</span> <span class='ocrx_word' id='word_1_257' title='bbox 902 3857 992 3924; x_wconf 87' lang='lat' dir='ltr'>exilit</span> <span class='ocrx_word' id='word_1_258' title='bbox 1025 3857 1113 3924; x_wconf 89' lang='lat' dir='ltr'>aliud</span> <span class='ocrx_word' id='word_1_259' title='bbox 1146 3853 1447 3924; x_wconf 84' lang='lat' dir='ltr'>fluninmsimiliter</span> 
     </span>
    </p>
   </div>
   <div class='ocr_carea' id='block_1_5' title="bbox 184 3953 1469 4048">
    <p class='ocr_par' dir='ltr' id='par_1_5' title="bbox 184 3953 1469 4048">
     <span class='ocr_line' id='line_1_34' title="bbox 184 3953 1469 4048; baseline -0.003 -18"><span class='ocrx_word' id='word_1_260' title='bbox 184 3993 189 3999; x_wconf 93' lang='lat'><em>·</em></span> <span class='ocrx_word' id='word_1_261' title='bbox 313 3965 590 4048; x_wconf 82' lang='lat' dir='ltr'>&#39;dubavccatum3</span> <span class='ocrx_word' id='word_1_262' title='bbox 617 3972 649 4030; x_wconf 91' lang='lat' dir='ltr'>ct</span> <span class='ocrx_word' id='word_1_263' title='bbox 675 3963 780 4031; x_wconf 88' lang='lat' dir='ltr'>cnudo</span> <span class='ocrx_word' id='word_1_264' title='bbox 804 3965 912 4032; x_wconf 83' lang='lat' dir='ltr'>adbuc</span> <span class='ocrx_word' id='word_1_265' title='bbox 944 3986 1059 4033; x_wconf 88' lang='lat' dir='ltr'>nereus</span> <span class='ocrx_word' id='word_1_266' title='bbox 1091 3962 1259 4033; x_wconf 88' lang='lat' dir='ltr'>meridiem</span> <span class='ocrx_word' id='word_1_267' title='bbox 1290 3964 1325 4028; x_wconf 92' lang='lat' dir='ltr'>in</span> <span class='ocrx_word' id='word_1_268' title='bbox 1357 3953 1469 4029; x_wconf 84' lang='lat' dir='ltr'>terra</span> 
     </span>
    </p>
   </div>
   <div class='ocr_carea' id='block_1_6' title="bbox 312 4075 1447 4698">
    <p class='ocr_par' dir='ltr' id='par_1_6' title="bbox 312 4075 1447 4698">
     <span class='ocr_line' id='line_1_35' title="bbox 312 4075 1445 4163; baseline 0.001 -25"><span class='ocrx_word' id='word_1_269' title='bbox 312 4075 430 4142; x_wconf 87' lang='lat' dir='ltr'>arabili</span> <span class='ocrx_word' id='word_1_270' title='bbox 462 4076 567 4160; x_wconf 80' lang='lat' dir='ltr'>irrugit</span> <span class='ocrx_word' id='word_1_271' title='bbox 595 4076 679 4144; x_wconf 87' lang='lat' dir='ltr'>duas</span> <span class='ocrx_word' id='word_1_272' title='bbox 710 4078 842 4144; x_wconf 87' lang='lat' dir='ltr'>arbores</span> <span class='ocrx_word' id='word_1_273' title='bbox 874 4078 949 4163; x_wconf 87' lang='lat' dir='ltr'>piri,</span> <span class='ocrx_word' id='word_1_274' title='bbox 967 4077 1026 4144; x_wconf 88' lang='lat' dir='ltr'>sub</span> <span class='ocrx_word' id='word_1_275' title='bbox 1043 4095 1177 4162; x_wconf 86' lang='lat' dir='ltr'>quarum</span> <span class='ocrx_word' id='word_1_276' title='bbox 1194 4093 1261 4140; x_wconf 87' lang='lat' dir='ltr'>vna</span> <span class='ocrx_word' id='word_1_277' title='bbox 1276 4077 1327 4140; x_wconf 84' lang='lat' dir='ltr'>est</span> <span class='ocrx_word' id='word_1_278' title='bbox 1344 4077 1445 4156; x_wconf 81' lang='lat' dir='ltr'>meta,</span> 
     </span>
     <span class='ocr_line' id='line_1_36' title="bbox 313 4179 1447 4270; baseline -0.002 -22"><span class='ocrx_word' id='word_1_279' title='bbox 313 4191 346 4248; x_wconf 90' lang='lat' dir='ltr'>et</span> <span class='ocrx_word' id='word_1_280' title='bbox 361 4184 430 4250; x_wconf 88' lang='lat' dir='ltr'>alia</span> <span class='ocrx_word' id='word_1_281' title='bbox 447 4191 497 4252; x_wconf 88' lang='lat' dir='ltr'>cst</span> <span class='ocrx_word' id='word_1_282' title='bbox 513 4183 545 4249; x_wconf 93' lang='lat' dir='ltr'>in</span> <span class='ocrx_word' id='word_1_283' title='bbox 564 4193 667 4270; x_wconf 80' lang='lat' dir='ltr'>meto3</span> <span class='ocrx_word' id='word_1_284' title='bbox 690 4184 796 4252; x_wconf 87' lang='lat' dir='ltr'>adbuc</span> <span class='ocrx_word' id='word_1_285' title='bbox 814 4184 920 4252; x_wconf 86' lang='lat' dir='ltr'>cnudo</span> <span class='ocrx_word' id='word_1_286' title='bbox 936 4185 1058 4252; x_wconf 86' lang='lat' dir='ltr'>directe</span> <span class='ocrx_word' id='word_1_287' title='bbox 1085 4205 1142 4270; x_wconf 91' lang='lat' dir='ltr'>per</span> <span class='ocrx_word' id='word_1_288' title='bbox 1174 4183 1269 4250; x_wconf 85' lang='lat' dir='ltr'>binus</span> <span class='ocrx_word' id='word_1_289' title='bbox 1285 4189 1319 4249; x_wconf 85' lang='lat' dir='ltr'>ct</span> <span class='ocrx_word' id='word_1_290' title='bbox 1350 4179 1447 4248; x_wconf 83' lang='lat' dir='ltr'>binas</span> 
     </span>
     <span class='ocr_line' id='line_1_37' title="bbox 313 4288 1444 4380; baseline -0.002 -22"><span class='ocrx_word' id='word_1_291' title='bbox 313 4299 417 4359; x_wconf 84' lang='lat' dir='ltr'>metus</span> <span class='ocrx_word' id='word_1_292' title='bbox 449 4293 596 4359; x_wconf 89' lang='lat' dir='ltr'>ascendit</span> <span class='ocrx_word' id='word_1_293' title='bbox 627 4313 740 4360; x_wconf 84' lang='lat' dir='ltr'>versus</span> <span class='ocrx_word' id='word_1_294' title='bbox 756 4293 847 4360; x_wconf 85' lang='lat' dir='ltr'>Kana</span> <span class='ocrx_word' id='word_1_295' title='bbox 863 4313 960 4378; x_wconf 88' lang='lat' dir='ltr'>super</span> <span class='ocrx_word' id='word_1_296' title='bbox 982 4293 1089 4380; x_wconf 84' lang='lat' dir='ltr'>berch,</span> <span class='ocrx_word' id='word_1_297' title='bbox 1106 4301 1139 4360; x_wconf 92' lang='lat' dir='ltr'>et</span> <span class='ocrx_word' id='word_1_298' title='bbox 1155 4289 1302 4378; x_wconf 88' lang='lat' dir='ltr'>peruenit</span> <span class='ocrx_word' id='word_1_299' title='bbox 1318 4288 1363 4356; x_wconf 91' lang='lat' dir='ltr'>ad</span> <span class='ocrx_word' id='word_1_300' title='bbox 1379 4295 1444 4356; x_wconf 84' lang='lat' dir='ltr'>tres</span> 
     </span>
     <span class='ocr_line' id='line_1_38' title="bbox 314 4399 1441 4487; baseline -0.002 -22"><span class='ocrx_word' id='word_1_301' title='bbox 314 4407 427 4483; x_wconf 84' lang='lat' dir='ltr'>metes,</span> <span class='ocrx_word' id='word_1_302' title='bbox 443 4419 504 4484; x_wconf 85' lang='lat' dir='ltr'>qne</span> <span class='ocrx_word' id='word_1_303' title='bbox 520 4408 678 4485; x_wconf 83' lang='lat' dir='ltr'>separant</span> <span class='ocrx_word' id='word_1_304' title='bbox 694 4401 777 4468; x_wconf 89' lang='lat' dir='ltr'>inter</span> <span class='ocrx_word' id='word_1_305' title='bbox 792 4401 896 4487; x_wconf 84' lang='lat' dir='ltr'>Kana,</span> <span class='ocrx_word' id='word_1_306' title='bbox 913 4401 1088 4486; x_wconf 87' lang='lat' dir='ltr'>Koryuhan</span> <span class='ocrx_word' id='word_1_307' title='bbox 1105 4409 1138 4468; x_wconf 91' lang='lat' dir='ltr'>ct</span> <span class='ocrx_word' id='word_1_308' title='bbox 1161 4399 1297 4484; x_wconf 77' lang='lat' dir='ltr'>Naragh</span> <span class='ocrx_word' id='word_1_309' title='bbox 1329 4417 1441 4485; x_wconf 84' lang='lat' dir='ltr'>supra·</span> 
     </span>
     <span class='ocr_line' id='line_1_39' title="bbox 315 4503 1444 4594; baseline -0.001 -23"><span class='ocrx_word' id='word_1_310' title='bbox 315 4505 432 4593; x_wconf 87' lang='lat' dir='ltr'>dictas,</span> <span class='ocrx_word' id='word_1_311' title='bbox 463 4514 497 4574; x_wconf 91' lang='lat' dir='ltr'>et</span> <span class='ocrx_word' id='word_1_312' title='bbox 526 4507 571 4576; x_wconf 91' lang='lat' dir='ltr'>ibi</span> <span class='ocrx_word' id='word_1_313' title='bbox 601 4508 823 4576; x_wconf 86' lang='lat' dir='ltr'>terminantur.</span> <span class='ocrx_word' id='word_1_314' title='bbox 840 4507 905 4588; x_wconf 79' lang='lat' dir='ltr'>Qut</span> <span class='ocrx_word' id='word_1_315' title='bbox 930 4509 1058 4594; x_wconf 89' lang='lat' dir='ltr'>quidem</span> <span class='ocrx_word' id='word_1_316' title='bbox 1076 4509 1190 4576; x_wconf 68' lang='grc' dir='ltr'><strong>Οοωεε</strong></span> <span class='ocrx_word' id='word_1_317' title='bbox 1204 4503 1395 4574; x_wconf 85' lang='lat' dir='ltr'>Lnkacbius</span> <span class='ocrx_word' id='word_1_318' title='bbox 1411 4511 1444 4570; x_wconf 88' lang='lat' dir='ltr'>et</span> 
     </span>
     <span class='ocr_line' id='line_1_40' title="bbox 315 4611 1443 4698; baseline 0.002 -21"><span class='ocrx_word' id='word_1_319' title='bbox 315 4613 432 4686; x_wconf 78' lang='lat' dir='ltr'>lustres</span> <span class='ocrx_word' id='word_1_320' title='bbox 448 4615 497 4682; x_wconf 89' lang='lat' dir='ltr'>sui</span> <span class='ocrx_word' id='word_1_321' title='bbox 515 4633 570 4698; x_wconf 88' lang='lat' dir='ltr'>pcr</span> <span class='ocrx_word' id='word_1_322' title='bbox 587 4615 719 4684; x_wconf 86' lang='lat' dir='ltr'>easdem</span> <span class='ocrx_word' id='word_1_323' title='bbox 752 4625 856 4685; x_wconf 84' lang='lat' dir='ltr'>melas</span> <span class='ocrx_word' id='word_1_324' title='bbox 871 4623 903 4684; x_wconf 90' lang='lat' dir='ltr'>et</span> <span class='ocrx_word' id='word_1_325' title='bbox 933 4616 1161 4686; x_wconf 88' lang='lat' dir='ltr'>distiuccioues</span> <span class='ocrx_word' id='word_1_326' title='bbox 1192 4613 1309 4681; x_wconf 78' lang='lat' dir='ltr'>dietum</span> <span class='ocrx_word' id='word_1_327' title='bbox 1346 4611 1443 4698; x_wconf 86' lang='lat' dir='ltr'>parti·</span> 
     </span>
    </p>
   </div>
   <div class='ocr_carea' id='block_1_7' title="bbox 0 0 1602 5196">
    <p class='ocr_par' dir='ltr' id='par_1_7' title="bbox 0 0 1602 5196">
     <span class='ocr_line' id='line_1_41' title="bbox 0 0 1602 5196; baseline 0 0"><span class='ocrx_word' id='word_1_328' title='bbox 0 0 1602 5196; x_wconf 95' lang='lat' dir='ltr'> </span> 
     </span>
    </p>
   </div>
  </div>
 </body>
</html>
