3160 5200
864 344 1022 442 Q

380 541 415 601 et
430 532 674 619 precordialiter
690 553 729 598 ao
746 533 871 617 denote,
888 527 921 600 ut
938 531 1010 616 ipso
1027 535 1190 615 quendam
1208 553 1342 619 puerum
1361 533 1521 601 Blasinm

380 642 520 726 nomine,
537 641 641 708 tilium
657 639 774 707 ancille
789 659 846 708 sne
862 634 973 706 llelka
988 647 1113 728 vocate,
1130 638 1172 706 de
1188 643 1274 707 bello
1290 641 1528 707 conbaBooz*

372 761 496 816 'nenses
513 747 599 814 facto
615 747 647 812 in
665 745 855 830 captiuitate
875 747 1023 832 adducte,
1056 746 1097 812 ob
1130 765 1261 813 snorum
1295 746 1519 832 propriorum,

380 875 419 924 ac
436 860 606 939 parentum
634 871 775 937 snorum,
808 873 847 919 ac
879 855 1093 939 prenominati
1124 855 1231 920 mariti
1261 854 1314 920 sni
1344 853 1523 920 Benedicti

380 959 602 1028 remissionem
642 960 873 1043 peccaminum,
904 959 1146 1027 manumitteret
1177 979 1338 1044 auresque
1369 960 1524 1026 libertati

381 1063 606 1134 condonando.
632 1067 727 1133 Nune
743 1074 850 1133 antem
868 1067 940 1152 ipse
956 1067 1080 1132 Paulus
1096 1067 1139 1133 ad
1155 1066 1341 1133 huiusmodi
1373 1067 1448 1151 pias
1483 1073 1522 1130 et

381 1175 518 1241 denotas
535 1192 648 1256 preces
664 1173 794 1240 domine
810 1174 922 1240 matris
939 1193 1007 1259 sne,
1025 1175 1173 1241 eteniam
1190 1178 1321 1258 propter
1337 1181 1434 1258 grata
1449 1192 1526 1239 ser-

382 1281 468 1348 nioia
483 1279 627 1365 predicte
642 1280 759 1348 ancille
775 1281 895 1366 Melta,
928 1301 989 1364 que
1005 1281 1078 1365 ipsa
1094 1281 1226 1347 domine
1243 1282 1338 1347 matri
1354 1301 1412 1348 sne
1438 1281 1526 1346 tide-

384 1385 503 1451 litaret
528 1383 692 1450 indefesse
724 1385 868 1451 exhibuit
899 1391 930 1452 et
960 1384 1130 1470 impendit,
1162 1393 1343 1470 presentem
1376 1406 1523 1470 puerum

384 1491 538 1576 Blasinm,
550 1497 730 1575 presentem
748 1511 853 1559 coram
872 1492 964 1558 nobis
980 1493 1175 1578 manumisit,
1193 1501 1323 1579 recepta
1334 1493 1526 1558 eciamvna

386 1617 495 1666 marca
511 1598 553 1663 ab
571 1595 691 1678 eodem,
708 1617 749 1664 ac
763 1604 919 1683 perpetue
935 1598 1078 1665 libertati
1094 1599 1313 1666 condonannit
1328 1597 1436 1683 eundi,
1453 1618 1525 1664 nec

386 1727 450 1773 non
468 1703 697 1788 commorandi,
727 1705 790 1771 sibi
808 1712 840 1771 et
857 1705 1006 1772 omnibns
1022 1705 1295 1774 descendentibus
1320 1710 1362 1773 ab
1387 1706 1524 1781 eodem,

387 1811 569 1895 ubicunqne
584 1810 753 1894 voluerint,
770 1811 904 1878 liberam
921 1810 1004 1878 dans
1021 1813 1063 1878 de
1079 1820 1184 1880 cetero
1201 1814 1407 1897 facultatem3
1424 1832 1530 1904 assuf

389 1920 515 2004 mendo,
547 1925 581 1984 nt
596 1919 665 2003 ipse
683 1919 803 1985 Paulus
820 1918 960 1986 eundem
977 1920 1121 1988 Blasinm
1147 1921 1189 1986 ab
1215 1923 1302 1988 omni
1335 1920 1529 2004 impetitore

388 2043 486 2109 super
501 2021 587 2090 tacto
603 2024 763 2091 libertatis
780 2045 837 2091 sne
863 2024 1015 2108 expediet
1046 2034 1077 2092 et
1109 2026 1292 2093 defensabit
1322 2045 1455 2110 semper
1487 2035 1527 2092 et

391 2129 519 2214 ubique.
557 2131 596 2195 ln
613 2131 705 2195 cuins
722 2131 769 2197 rei
786 2130 974 2197 memoriam
992 2139 1024 2197 et
1041 2140 1230 2217 perpetuam
1245 2133 1431 2198 firmitatem
1448 2155 1528 2219 pre·

389 2243 498 2302 sentes
516 2235 732 2302 concessimus
748 2235 873 2304 litteras
890 2237 994 2321 sigilli
1010 2239 1111 2304 nostri
1137 2239 1314 2305 munimine
1338 2240 1526 2306 roboratas.

387 2346 508 2410 Datum
525 2363 611 2408 anno
626 2343 757 2409 Domini
773 2332 891 2410 litem
917 2345 1131 2429 nonagesimo
1164 2355 1266 2431 sexto,
1300 2367 1411 2413 mense
1442 2348 1529 2430 Sep-

390 2451 514 2517 tembri.
538 2453 632 2516 Petro
651 2450 794 2538 Decano,
813 2457 845 2518 et
859 2450 1016 2536 Bobmylo
1034 2452 1178 2520 Custode
1194 2453 1422 2536 existentibus,
1439 2461 1533 2520 cete·

390 2557 504 2638 risque
519 2556 676 2624 fratribus
692 2559 857 2625 nobiscnm
873 2561 945 2625 Deo
961 2559 1080 2642 ingiter
1096 2557 1332 2626 famulantibus
1349 2567 1382 2626 et
1397 2561 1528 2628 denote.

392 2751 535 2812 (Eredetio
571 2752 755 2818 borhtrtysin,
788 2755 852 2804 zbld
883 2755 1119 2818 selyemzsindron
1143 2757 1229 2822 siggo
1254 2757 1352 2819 penset
1375 2757 1468 2818 alatt3
1508 2771 1533 2804 a

446 2869 453 2874 -
577 2841 684 2892 fdmelt.
696 2843 817 2909 herczsg
829 2844 1001 2908 Eszterhday
1014 2845 1110 2895 caalad
1128 2844 1343 2908 levslttrtnan.)

825 3125 1092 3137 *—

926 3609 1005 3724 aaa.

302 3867 304 3872 ’
401 3857 572 3925 Attirdeac'
589 3859 722 3922 trouvent
739 3860 843 3942 dta'rp’a
860 3856 918 3922 IV.
939 3856 1055 3922 Ldazlo'
1071 3856 1249 3940 Ιιίνάὶῃηαῖσ
1267 3855 1421 3940 Palnpya
1447 3854 1547 3940 hedy—

401 3971 455 4055 adp
486 3969 587 4034 serait
610 3968 760 4052 tdrpyozo'
776 3966 911 4031 1285·lai
926 3965 1128 4048 cdomdnprit
1147 3962 1357 4047 Lipto'nidc'lci
1388 3962 1488 4048 Ipora
1508 3965 1546 4026 ἐι

734 4073 910 4137 Lensztdcb
926 4074 1085 4138 szdmdra.
1104 4071 1200 4136 1296.

513 4267 682 4333 Vniuersis
699 4265 817 4334 Christi
835 4265 984 4332 fidelibus
1001 4283 1135 4350 presens
1161 4263 1316 4348 scriptum
1341 4259 1543 4346 inspecturis

405 4376 544 4443 livanka
560 4376 770 4442 miseracione
786 4373 908 4440 Diuina
924 4373 1111 4459 Prepositns
1127 4368 1315 4452 Monasterij
1333 4370 1435 4436 Beate
1472 4371 1557 4434 Vir·-

406 4484 493 4567 ginis
509 4483 550 4550 de
565 4483 716 4550 Thnroch
733 4489 764 4548 ct
780 4489 867 4550 totns
884 4481 1070 4548 Conuentns
1084 4479 1148 4546 loci
1165 4477 1312 4546 eiusdem
1328 4476 1473 4544 salntem
1504 4476 1537 4542 in

405 4589 546 4657 'Domino
563 4589 802 4674 sempiternam.
840 4588 945 4666 Quum
961 4593 997 4656 vt
1012 4587 1127 4672 queuis
1145 4585 1317 4674 disposicio
1349 4591 1444 4668 gesta
1478 4583 1542 4652 aab
