3102 5196
822 309 984 414 -ecc-

338 503 371 570 in
402 501 462 572 sua
494 505 702 574 concessione
733 505 934 596 continetur;
968 506 1042 575 etde
1071 507 1169 577 dictis
1196 506 1379 594 Jodicibus,
1410 507 1460 591 qui

337 611 455 678 fuerint
485 612 595 702 electi,
625 614 774 682 dominus
804 615 919 682 Comes
952 616 1031 682 nibil
1047 613 1089 682 cb
1105 615 1186 701 ipsis
1204 615 1322 683 debeat
1338 615 1461 684 habere.

338 721 417 786 item
449 719 625 803 equitando
654 722 726 808 ipsc
742 720 890 789 dominus
905 722 1019 790 Oomcs
1038 744 1098 810 per
1129 724 1284 806 Insulam,
1301 721 1463 791 standcin

336 849 517 914 carcpeuea
533 834 598 896 tam
625 829 668 896 ad
697 828 870 917 prandium
891 830 1045 914 quemad
1063 850 1175 899 cenam
1200 833 1252 900 vei
1266 833 1311 898 cd
1346 849 1465 898 maren·

335 935 422 1024 dam,
454 935 573 1004 debeat
608 934 756 1022 accipere
789 957 860 1004 cum
891 956 953 1006 sua
983 936 1110 1005 familia
1144 957 1259 1008 carnes
1289 936 1464 1007 seeundum

337 1043 602 1111 consuetudinem
629 1043 715 1112 dicte
744 1043 864 1111 insule.
895 1041 977 1113 Item
1008 1043 1273 1129 quantociens
1313 1043 1460 1114 dominus

337 1150 451 1218 Comes
482 1149 514 1217 iu
545 1148 680 1220 chersio
708 1151 856 1237 accipere
887 1171 952 1218 non
983 1152 1086 1238 possit
1116 1152 1281 1240 necaccipi
1305 1151 1464 1222 facerede

336 1257 444 1326 herbis
461 1261 493 1325 in
517 1259 618 1326 bortis
649 1258 815 1340 hominum
847 1257 889 1326 de
919 1259 1064 1350 Chersio,
1095 1282 1155 1329 uec
1171 1281 1267 1330 uvam
1298 1281 1360 1330 seu
1391 1261 1465 1330 deus

338 1367 369 1434 in
402 1386 512 1435 eorum
530 1367 659 1451 vinetis,
679 1361 785 1433 dando
809 1365 874 1454 ipsi
904 1366 1035 1436 domino
1066 1367 1232 1438 Comititot
1261 1374 1379 1453 terras,
1407 1385 1466 1450 que

336 1474 435 1543 faciat
453 1474 581 1543 bortum
624 1475 677 1541 vol
708 1473 828 1558 bertot,
860 1474 917 1559 qui
949 1473 1016 1541 sint
1045 1474 1147 1561 ipsine
1177 1476 1313 1564 etipsius
1344 1472 1466 1541 familie

335 1581 379 1650 ad
394 1582 620 1652 sufficientiam
631 1581 665 1648 in
675 1581 759 1650 bono
773 1575 855 1650 toto.
866 1581 946 1651 item
958 1581 1199 1666 quodbomines
1215 1582 1326 1652 insule
1342 1582 1466 1652 solvere

335 1691 475 1760 debeant
505 1691 569 1778 ipsi
599 1689 730 1758 domino
761 1689 876 1758 domiti
903 1688 1108 1760 medietatem
1139 1691 1340 1776 galiinarum
1373 1690 1462 1763 istius

333 1799 410 1868 anni
442 1795 610 1886 presentis.
642 1799 724 1864 Item
753 1797 840 1882 quod
870 1796 977 1868 dictus
1009 1797 1158 1867 dominus
1187 1796 1303 1866 eomes
1332 1796 1462 1866 remittit

335 1908 432 1976 dictis
448 1905 630 1975 bominibus
646 1905 757 1974 insule
773 1925 830 1992 pro
846 1904 1010 1992 predictis,
1030 1904 1164 1991 quesibi
1179 1905 1312 1974 solvunt
1329 1903 1460 1991 atdant,

336 2034 448 2082 omncs
458 2015 613 2099 angerius
623 2021 655 2080 et
669 2013 747 2100 clia,
764 2032 828 2098 qne
844 2011 1140 2082 sacereOomitatus
1157 2013 1315 2082 tenebant
1332 2019 1463 2102 excepto

337 2120 422 2206 quod
451 2141 522 2190 cum
556 2128 688 2206 portare
718 2119 860 2188 debeant
894 2119 1049 2188 Venetiae
1080 2127 1113 2188 ct
1136 2120 1243 2208 ipsum
1268 2122 1397 2191 Ducem
1425 2120 1463 2188 de

334 2229 480 2298 Venetiis
521 2230 553 2296 in
595 2229 710 2298 insula
754 2227 932 2296 secuudum
963 2228 1225 2296 consuetudinem
1264 2228 1345 2296 binc
1386 2235 1465 2299 retro

335 2335 480 2406 habitam
520 2337 553 2404 in
591 2337 680 2404 dicta
721 2337 843 2404 Insula.
879 2338 959 2404 Item
1000 2337 1085 2419 quod
1123 2355 1234 2404 omnes
1272 2337 1469 2421 questiones,-

334 2465 397 2530 quo
428 2445 557 2512 inerunt
588 2452 620 2512 ct
650 2451 726 2512 sunt
757 2443 914 2512 ventilato
948 2462 1057 2511 coram
1088 2443 1220 2511 domiuo
1251 2444 1345 2512 Duce
1362 2449 1463 2510 etsno

334 2550 478 2620 Consilio
494 2550 714 2620 interdictum
731 2549 897 2620 dominum
927 2549 1083 2618 Comitem
1115 2556 1147 2619 et
1178 2550 1283 2620 dictos
1315 2550 1458 2620 homines

334 2659 443 2728 insule
473 2667 539 2726 tam
570 2680 629 2746 pro
661 2659 822 2727 communi
867 2679 965 2743 quam
996 2680 1055 2747 pro
1080 2659 1187 2726 diviso
1202 2676 1306 2745 usque
1321 2659 1366 2728 ad
1381 2659 1460 2726 bunc

334 2783 515 2854 presentem
531 2767 627 2854 diem,
643 2768 782 2836 debeant
799 2788 870 2836 esse
887 2787 980 2836 casse
996 2773 1028 2835 et
1052 2787 1137 2836 vane
1152 2775 1186 2836 et
1215 2768 1342 2837 nullius
1374 2766 1455 2834 saiu-

333 2876 387 2946 ris.
418 2877 460 2943 Et
490 2876 551 2944 hoc
582 2875 714 2959 itelligit
745 2875 851 2942 dictus
883 2874 1033 2943 dominus
1065 2875 1181 2943 Comes
1202 2873 1407 2944 solummodo
1422 2871 1459 2939 de

335 2985 568 3054 offensionibus
584 2984 705 3052 habitis
721 3004 792 3051 eum
809 2983 993 3051 hominibus
1010 2983 1098 3051 dicte
1114 2981 1224 3051 Insula
1239 2989 1272 3050 st
1302 3003 1343 3050 cu
1359 3007 1376 3048 :r
1409 2981 1457 3048 bo·

333 3091 475 3160 minibus
506 3091 593 3160 datis
609 3093 644 3158 in
660 3090 790 3178 scriptis
806 3089 959 3178 predictis
975 3090 1114 3159 dominis
1130 3089 1281 3159 Micbseli
1299 3093 1412 3160 Dauno
1428 3093 1456 3155 et

334 3201 443 3268 biarco
461 3200 593 3268 Bembo.
609 3199 811 3286 infrascripti
828 3199 958 3267 fuerunt
974 3200 1042 3267 dati
1059 3199 1093 3265 in
1108 3197 1238 3284 scriptis
1256 3224 1264 3265 :
1281 3199 1316 3266 iu
1349 3195 1459 3285 primis

333 3306 471 3377 Budissa
502 3316 638 3395 nepotes
655 3315 687 3375 et
702 3307 826 3394 iratres,
844 3306 950 3374 Cerna
965 3305 1134 3394 Permcno,
1152 3307 1257 3375 Baius
1273 3311 1309 3376 et
1323 3306 1459 3376 Anum

332 3437 378 3500 so,
394 3435 505 3500 omnes
521 3416 562 3484 de
577 3418 702 3485 Ausere
716 3441 724 3500 ;
747 3416 921 3502 Bassigna,
941 3414 1108 3501 Boehigua
1124 3415 1287 3500 Eumelus,
1307 3412 1359 3483 Jo.
1390 3411 1460 3478 Del·

335 3525 482 3592 visconte
514 3531 547 3590 et
563 3523 677 3592 Petrus
705 3523 840 3612 Regina,
873 3542 985 3590 omnes
1016 3522 1059 3592 de
1090 3521 1232 3591 Chersio.
1264 3522 1349 3591 Item
1379 3517 1459 3605 quod

332 3633 466 3702 Judices
483 3633 602 3717 insule,
618 3633 675 3719 qui
690 3651 774 3699 nunc
790 3637 915 3700 suntet
931 3651 988 3717 per
1004 3639 1151 3717 tempora
1183 3637 1269 3699 stare
1299 3629 1457 3700 debebunt

333 3741 367 3807 in
383 3740 539 3827 regimine
553 3740 608 3808 'ad
623 3741 722 3808 vitum
740 3738 860 3808 domini
877 3738 1010 3806 Comitis
1042 3737 1189 3826 predicti,
1221 3736 1363 3806 debeant
1391 3752 1459 3806 esse
1549 3757 1550 3760 ¹

334 3848 562 3917 convenienter
595 3847 758 3916 satisfacti
789 3867 849 3935 pro
881 3845 1047 3913 Communi
1079 3846 1113 3912 in
1145 3846 1332 3932 provisione
1365 3843 1458 3931 ipsius

333 3954 454 4022 domini
487 3953 621 4024 Comitis
652 3963 684 4024 et
699 3956 835 4023 aliorum
867 3955 1024 4023 bonorum
1039 3953 1204 4022 hominum
1230 3954 1320 4021 dicte
1341 3951 1452 4033 insule,

334 4062 427 4131 salvo
442 4065 469 4130 si
487 4067 603 4131 contra
619 4062 722 4131 nollet
737 4059 911 4148 providere
927 4060 1065 4148 deipsis
1082 4059 1167 4148 quod
1192 4067 1327 4128 maneat
1342 4059 1375 4128 in
1403 4075 1456 4128 suo

334 4170 488 4257 iudicatu,
520 4170 612 4239 salvo
643 4168 728 4256 quod
762 4167 866 4237 Gerus
898 4169 1048 4236 Permani
1063 4169 1181 4237 Auseri
1197 4167 1348 4257 accipere
1362 4162 1457 4256 possit

330 4284 468 4364 quatuor
491 4277 638 4345 homines
663 4275 778 4346 Auseri
804 4296 862 4364 pro
886 4275 1411 4363 partcssuaadeiuvoluutatem3
1426 4275 1456 4339 et

330 4392 444 4453 contra
453 4383 569 4454 Auseri
579 4382 841 4471 possitaccipere
850 4383 933 4452 aiios
943 4391 1094 4472 quatuor,
1114 4381 1456 4453 hubendodictnmdo·

331 4494 451 4560 minum
472 4490 628 4560 (tomitem
653 4492 768 4560 ambas
787 4500 897 4580 partes
917 4490 961 4559 ad
982 4490 1146 4561 difiniendi
1163 4487 1455 4560 etsntisticnditieri

331 4601 397 4696 ipsi
407 4601 568 4670 Permano
583 4615 642 4687 pro
659 4597 825 4671 domnum
841 4600 882 4668 de
901 4600 1057 4688 decuriis,
1088 4619 1169 4686 quos
1187 4599 1260 4687 ipse
1283 4601 1453 4670 Permanet
