3160 5200
873 415 936 477 58⁴

324 609 420 678 dioto
452 608 582 676 Judioio
614 607 715 689 Regio
732 603 955 692 interfuerunt,
972 623 1031 690 per
1057 607 1162 692 ipsum
1180 605 1341 672 Comitem
1360 605 1469 672 Domi·

331 719 440 784 nioum
456 717 490 782 in
507 715 610 783 forma
624 711 744 798 Judioij
764 713 926 796 exhibitis,
944 722 1059 780 eontra
1073 713 1162 798 ipsos
1179 714 1214 779 in
1240 721 1319 780 note
1353 711 1468 779 uelum-

333 822 411 906 pnie
442 822 603 906 legittime
634 817 775 887 oonnioti
807 818 958 906 fuissent,
991 839 1050 903 pro
1067 838 1105 886 eo
1122 821 1199 900 quia
1215 819 1323 904 ipsam
1340 839 1467 888 oausam

334 929 369 994 in
385 929 473 995 faoto
506 925 742 996 destruooionis
775 927 1014 1012 possessionum
1047 945 1154 992 eorum
1187 932 1335 1010 tempore
1369 925 1488 1018 ipsius

336 1035 456 1103 domini
488 1035 590 1118 Regis
617 1031 762 1099 Ladiniai
780 1038 812 1096 et
830 1031 1052 1099 Vioeiudioum
1068 1029 1212 1100 eiusdem
1229 1031 1346 1098 ordine
1357 1031 1468 1115 judici·
1536 1022 1539 1031 '

334 1139 404 1206 ario
420 1141 611 1224 requisitam
627 1149 659 1206 et
672 1139 811 1222 sopitam
828 1137 1051 1206 suscitassent.
1070 1139 1110 1203 lot
1125 1137 1203 1220 quia
1219 1137 1304 1204 idem
1324 1135 1464 1204 Thomas

337 1248 436 1318 trater
452 1267 547 1315 «suus
578 1253 744 1330 tamqnam
777 1245 923 1313 conscius
950 1245 999 1313 sni
1017 1243 1163 1312 oriminis
1179 1265 1199 1309 a
1215 1245 1320 1328 Regia
1337 1246 1468 1310 Presen·

336 1357 389 1421 oia
408 1359 595 1422 recessisset
628 1353 773 1438 sugitiue,
806 1353 977 1438 ipsumque
1010 1347 1165 1416 Comitem
1198 1352 1344 1440 Petrum,
1378 1359 1466 1434 prout

335 1461 406 1546 ipso
436 1460 522 1528 idem
550 1460 742 1540 affirmabat,
760 1479 818 1544 pro
835 1457 1016 1526 huiusmodi
1031 1459 1160 1523 notorio
1178 1458 1371 1542 calumpnie
1388 1460 1465 1526 vicio

336 1566 486 1636 dominus
501 1569 570 1634 Rex
587 1567 692 1634 eidem
709 1553 827 1634 Comiti
842 1567 982 1630 Martino
1009 1571 1175 1646 tamquam
1206 1562 1315 1630 Judiei
1349 1566 1393 1632 ad
1423 1589 1469 1634 as

338 1673 476 1740 sendum
509 1695 580 1742 oum
612 1673 699 1741 ferro
727 1671 878 1739 candenti
904 1674 936 1738 in
954 1692 1015 1738 sua
1031 1671 1127 1757 faeie,
1145 1673 1419 1756 quemadmodum
1435 1675 1465 1739 in

337 1779 517 1848 huiusmodi
534 1781 718 1866 oalurnpnie
735 1780 817 1846 vioio
833 1780 975 1848 oonuioti
1001 1779 1093 1846 iuxta
1123 1780 1229 1862 Regni
1263 1782 1467 1850 eonsuetudi-

338 1906 411 1953 nem
429 1889 643 1974 approbatam
661 1887 785 1970 signari
804 1887 935 1971 debent,
952 1893 1081 1971 septum
1098 1885 1301 1968 tradidisset,
1329 1909 1467 1973 proque

339 1995 469 2076 quidem
486 1993 666 2062 assaoionis
683 2000 760 2058 nota
792 1991 875 2058 idem
908 1993 1023 2060 Comes
1054 1991 1180 2079 Petrus,
1212 2013 1254 2060 ne
1285 1995 1466 2062 huiusmodi

340 2100 575 2186 turpitudinem
607 2102 640 2167 in
658 2097 740 2168 saoie
758 2098 826 2164 eins
843 2100 985 2166 insnum
1012 2100 1218 2184 opprobrium
1235 2103 1466 2186 sempiternum

339 2213 555 2294 supportaret,
574 2207 737 2292 quandam
753 2205 991 2291 possessionem
1018 2226 1109 2273 suam
1141 2227 1204 2273 non
1236 2215 1383 2296 coaetus,
1415 2227 1467 2274 neu

340 2317 533 2401 compulsus,
545 2311 643 2380 Wdat
654 2313 853 2399 rooatam,in
872 2313 1033 2380 uomitatu
1050 2312 1211 2382 Borsiensi
1228 2314 1321 2382 iuxta
1336 2315 1466 2384 fluuium

338 2421 459 2508 Goron,
477 2420 674 2487 euminsula
698 2439 761 2503 que
791 2424 841 2485 est
871 2420 905 2486 in
936 2419 1016 2506 ipsis
1047 2420 1142 2504 aquis
1174 2420 1295 2506 Geron,
1329 2433 1364 2490 et
1395 2423 1462 2509 alijs

338 2527 534 2594 utilitatibus
549 2545 590 2592 ao
605 2525 792 2611 pertineeijs
809 2526 954 2594 eiusdem
973 2526 1141 2611 vninersis,
1155 2529 1215 2593 snb
1233 2529 1360 2596 eisdem
1377 2533 1463 2597 metis

328 2641 370 2700 et
410 2634 568 2720 terminis,
598 2633 657 2702 sub
704 2634 819 2718 quibus
859 2651 918 2718 per
950 2634 1085 2701 eundem
1133 2633 1289 2702 Comitem
1337 2637 1466 2704 Petrum

339 2739 451 2806 habita
477 2739 581 2808 fuisse
610 2741 788 2809 dinoscitur
819 2747 852 2808 et
881 2761 1044 2828 possessa,
1068 2762 1126 2828 pro
1157 2741 1307 2812 ducentis
1325 2751 1359 2811 et
1375 2747 1461 2829 qnin-

340 2848 501 2932 quaginta
517 2847 635 2914 marois
652 2849 777 2933 argenti
803 2847 974 2933 Budensis,
1009 2847 1108 2934 dedit,
1137 2849 1273 2917 tradidit
1305 2858 1338 2919 et
1368 2854 1464 2936 assig-

340 2957 435 3022 nauit
464 2955 529 3043 ipsi
560 2955 674 3022 Comiti
706 2954 846 3021 Martino
878 2959 984 3041 siper
1017 2974 1088 3021 enm
1105 2957 1173 3022 suis
1189 2954 1368 3026 heredibus
1385 2959 1465 3026 bere·
1538 3016 1543 3027 .

342 3063 482 3146 dumque
498 3083 627 3130 suorum
652 3064 893 3130 suecessoribus
923 3063 1180 3130 irreuouabiliter
1210 3064 1280 3129 iure
1313 3075 1464 3152 perpetuu

341 3169 580 3256 possidendam.
611 3170 795 3253 desumpsit
834 3169 1063 3237 niobitominus
1093 3167 1178 3237 idem
1209 3168 1325 3239 Comes
1356 3174 1466 3239 Petrus

341 3276 462 3344 dietum
495 3277 650 3344 Comitem
690 3277 864 3345 Martinam
900 3285 931 3343 et
964 3297 1040 3344 suos
1079 3276 1216 3345 heredes
1246 3278 1289 3344 ab
1322 3281 1465 3348 omnibus

340 3383 578 3469 impetitoribus
611 3384 741 3450 raoione
774 3383 861 3451 dicte
893 3384 1109 3468 possessionis
1127 3385 1383 3472 molestantibus,
1401 3393 1464 3455 eta

340 3491 623 3578 propinquioribus
640 3490 680 3557 de
696 3491 911 3575 generacione
928 3511 997 3576 sua,
1028 3491 1258 3558 commetaneis
1290 3503 1324 3561 et
1355 3495 1465 3562 ricinis

341 3598 556 3686 possessionis
586 3606 763 3666 memorate
792 3597 966 3666 defendere
999 3607 1030 3667 et
1046 3599 1186 3665 liberare
1210 3619 1267 3666 suo
1283 3601 1395 3669 labore
1410 3623 1464 3687 pro

341 3707 412 3791 prio
429 3713 461 3771 et
478 3705 650 3790 expensis;
674 3724 746 3773 oum
762 3703 847 3774 idem
874 3707 991 3774 Comes
1023 3705 1139 3774 Petrus
1171 3705 1301 3792 diceret,
1332 3709 1465 3776 eandem
1536 3769 1540 3789 ,

339 3813 596 3900 prossessionem
643 3811 740 3880 Wdol
776 3813 819 3903 ud
850 3832 885 3880 se
930 3811 1164 3899 solnmpmodo,
1207 3815 1352 3901 exeeptis
1392 3815 1464 3902 aiijs

340 3920 695 4006 generaoionibussuis,
712 3922 884 4006 pertinere.
897 3921 1083 4007 Assumpsit
1098 3921 1232 4008 insuper
1248 3921 1337 3989 idem
1353 3923 1463 3990 Comes

340 4031 464 4113 Petrus,
494 4035 576 4096 etse
592 4026 636 4092 ad
661 4025 720 4092 hoo
736 4026 867 4093 firmiter
891 4028 1061 4116 obligauit,
1077 4036 1112 4094 vt
1127 4029 1156 4094 si
1173 4029 1280 4114 ipsam
1295 4032 1465 4114 possessio·

340 4157 414 4202 nem
432 4135 530 4201 Wdol
546 4133 651 4201 eidem
667 4132 783 4199 Comiti
813 4133 953 4200 Martino
987 4135 1081 4202 modo
1114 4137 1271 4220 premisso
1303 4136 1464 4204 venditam

341 4265 405 4311 non
433 4248 542 4329 posset
557 4241 713 4326 liberare,
738 4249 857 4309 extuno
874 4265 933 4328 pro
951 4241 1039 4312 dieta
1057 4252 1135 4311 nota
1152 4247 1339 4330 columpnis
1354 4268 1466 4332 graua-

259 4383 276 4443 χ
341 4360 430 4420 retur
446 4349 541 4417 modo
558 4348 752 4436 supradicto,
771 4358 805 4417 et
830 4351 964 4435 insuper
995 4357 1096 4419 totam
1128 4353 1314 4437 poroionem
1345 4374 1466 4439 posses·

341 4459 442 4528 sionis
475 4477 542 4542 sue,
575 4475 670 4541 quum
701 4455 843 4544 haberet,
876 4459 1037 4526 amitteret
1057 4460 1129 4546 ipso
1147 4459 1244 4528 faoto.
1265 4463 1406 4530 [nonius
1422 4463 1466 4530 rei

340 4566 529 4632 memoriam
561 4571 813 4648 perpetuamque
844 4567 1026 4636 firmitatem
1059 4575 1226 4654 presentes
1252 4571 1465 4638 oonoessimus

340 4672 460 4736 litteras
493 4669 592 4751 sigilli
624 4674 726 4738 nostri
751 4673 927 4742 munimine
943 4677 1126 4746 roboratas.
1145 4675 1264 4746 Datum
1281 4697 1339 4763 per
1355 4697 1464 4747 manns
