3102 5196
571 344 732 446 aar.-

73 577 116 590 -
138 581 187 594 -
206 541 333 610 fortiter
361 541 630 628 insurrexissent;
657 540 743 609 idem
774 543 889 612 Petrus
904 542 1018 610 Banus
1036 560 1100 628 pro
1117 536 1224 608 tideli-

70 655 145 717 tate
168 647 298 720 Corone
318 649 420 736 Regia
451 649 573 736 debita,
608 657 642 718 ut
674 651 766 718 miles
797 657 947 720 strennus
966 651 1013 722 „iu
1044 648 1221 718 aduersam
1298 671 1301 679 ·

70 758 210 827 irruens
239 757 342 826 aoiem
375 756 448 827 dira
463 766 497 825 et
513 759 660 827 inmania
684 794 968 810 -----
984 760 1070 827 inter
1096 763 1220 826 eeteros

68 865 201 952 aliquis
216 866 323 952 Fynta
339 865 428 936 tilius
442 865 555 937 Dauid
576 867 698 937 orimen
713 869 779 936 lese
794 867 976 936 Maiestatis
993 866 1172 950 incurrens,
1188 871 1220 932 et

70 982 196 1042 nostre
227 993 301 1041 oum
317 973 508 1058 quibusdam
536 975 605 1045 anie
621 975 835 1062 eomplicibus
852 996 891 1044 ao
906 973 1086 1044 fautoribus
1102 972 1218 1041 volun·

1 1164 2 1169 Ἰ
68 1083 134 1151 tati
156 1082 322 1150 contraire
337 1102 402 1150 non
417 1102 602 1170 panesoens
612 1116 1139 1136 ---------
1153 1085 1223 1148 sset

69 1199 106 1264 in
127 1187 242 1277 ipsius
259 1191 360 1260 eastri
376 1192 625 1277 expugnatione
641 1193 724 1260 adeo
740 1191 937 1260 militaribus
952 1191 1080 1260 aotibns
1096 1196 1129 1257 et
1147 1187 1222 1258 diro

1 1371 2 1374 Ἴ
68 1297 257 1384 preliatum
273 1299 420 1366 examini
437 1318 475 1367 se
493 1299 669 1370 immiscuit
688 1308 721 1368 et
752 1300 924 1386 ingressus
955 1306 1015 1386 ast,
1048 1298 1135 1384 quod
1165 1317 1223 1386 per

1 1423 2 1456 ³
69 1405 318 1474 mnititudinem
349 1405 495 1494 lapidum
528 1443 930 1460 -------
949 1410 993 1477 ab
1018 1427 1097 1478 area
1113 1416 1221 1478 oerta·

69 1513 179 1582 minis
195 1515 303 1582 extitit
326 1519 521 1602 exportatus.
536 1517 605 1585 Neo
621 1516 681 1584 hoo
697 1517 974 1605 pretermittimus,
990 1516 1077 1603 quod
1094 1537 1167 1586 oum
1183 1516 1217 1584 in

1 1697 2 1700 Ἴ
71 1629 226 1690 oaetrum
262 1629 406 1692 nostrum
457 1624 660 1695 laudensem
693 1647 751 1714 per
790 1627 984 1696 Teutonicas
1024 1631 1220 1714 ooeupatum
1332 1649 1336 1664 ·

72 1731 267 1819 expugnari
283 1733 398 1818 Regali
414 1733 463 1802 for
478 1771 763 1790 -----
778 1735 856 1804 dieti
868 1737 957 1806 Petri
973 1737 1057 1805 Beni
1074 1734 1221 1804 hostibus

1 1855 2 1890 ³
73 1859 116 1906 ex
140 1840 284 1910 aduam
314 1841 429 1930 positia
462 1849 594 1914 strenue
624 1864 661 1912 se
691 1864 858 1932 opponens
874 1844 946 1914 dira
962 1851 994 1914 ot
1009 1844 1125 1931 grauia
1140 1843 1221 1912 reoi-

72 1947 176 2032 piens
190 1947 318 2038 uplnma
327 1968 344 2016 a
353 1983 397 1997 -
407 1970 554 2020 -onem
568 1957 674 2020 mente
690 1959 880 2040 conoeptam
891 1952 952 2019 sub
965 1987 1222 2002 -----

1 2063 3 2123 l
76 2091 378 2112 -----
412 2061 530 2126 stanit
560 2063 692 2147 proprio
733 2061 894 2146 sanguine
933 2060 1121 2128 lubrioatus.
1150 2060 1220 2128 Nos

1 2166 2 2250 g
76 2165 211 2251 itaque,
226 2164 317 2233 euius
331 2167 418 2234 inest
433 2167 610 2252 proprium,
628 2169 744 2236 merita
765 2166 909 2237 fidelium
926 2187 968 2236 ex
991 2166 1099 2236 olboio
1115 2201 1159 2216 -
1174 2203 1219 2217 -

1 2337 2 2376 p
78 2309 367 2326 -----
383 2274 522 2344 erisoere
537 2311 581 2325 —
597 2315 642 2328 -
658 2312 702 2326 -
719 2283 751 2344 et
762 2297 823 2360 que
834 2275 877 2344 ad
888 2295 1029 2362 presens
1046 2275 1216 2362 regiminis

1 2385 2 2467 l
76 2415 549 2434 --------
566 2389 716 2470 respeotu
733 2403 854 2471 eorum,
882 2405 947 2469 que
976 2385 1086 2456 faeere
1117 2385 1220 2452 inten-

77 2487 203 2571 dimus,
237 2495 272 2554 ut
285 2493 436 2574 meretur,
468 2492 707 2577 possessionem
740 2491 853 2580 Garyg
868 2499 1019 2561 rooatam
1036 2489 1115 2580 (rna
1131 2493 1218 2579 oum)

1 2590 2 2656 l
78 2594 212 2676 Castro,
228 2614 269 2662 aa
284 2595 362 2681 aliJs
377 2597 575 2668 utilitatibus
591 2607 623 2668 et
654 2599 865 2686 pertinenoije
896 2603 963 2670 ania
996 2600 1158 2670 uniuersis
1175 2637 1218 2650 -

1 2689 2 2692 ¹
79 2739 370 2758 -----
403 2716 499 2792 prout
531 2725 572 2774 ex
603 2707 765 2777 relatione
795 2709 958 2778 Beronum
988 2717 1171 2780 nostrorum
1186 2715 1219 2775 et

79 2812 189 2895 Regni
205 2812 362 2880 nobilium
378 2814 472 2883 nobis
488 2815 640 2901 constitit,
670 2823 703 2884 et
718 2817 759 2887 ab
775 2837 813 2884 eo
838 2817 984 2886 alienata
1013 2815 1159 2886 indebite
1173 2852 1218 2868 -

79 2957 129 2974 --
145 2955 191 2970 -
210 2956 247 2968 —
268 2928 301 2987 et
315 2919 444 3006 iniuste,
476 2921 541 3009 ipsi
556 2925 650 2992 Petro
666 2925 757 2993 Bano
774 2931 807 2993 et
824 2962 1109 2979 -----
1125 2925 1217 2993 bere-

80 3025 182 3094 dibus
198 3027 403 3096 etheredum
419 3049 551 3100 suoram
567 3033 811 3102 suooessoribns
820 3033 1020 3102 reddidimus
1035 3039 1068 3101 et
1078 3034 1218 3103 restitui-

82 3155 160 3202 mus
191 3141 290 3220 atque
320 3133 525 3226 donabimus,
557 3159 618 3210 nee
648 3160 714 3209 non
743 3140 941 3211 contulimus
973 3139 1042 3208 inre
1060 3148 1217 3230 perpetuo

1 3283 2 3290 κ
84 3241 271 3327 paoiiioeet
285 3243 392 3328 quiete
421 3246 480 3316 snb
511 3246 628 3316 iisdem
659 3249 753 3318 metis
785 3256 818 3318 et
847 3248 1005 3334 terminis,
1038 3247 1155 3334 quibua
1186 3249 1218 3315 in

1 3434 2 3437 Ἴ
83 3359 187 3418 antea
203 3351 343 3420 limitata
357 3351 465 3421 iuerat
481 3362 514 3423 et
528 3375 693 3445 possessa,
708 3378 729 3424 a
734 3355 966 3448 jurisdictione
981 3377 1039 3426 seu
1055 3363 1219 3444 potestate

1 3464 2 3524 J
84 3458 236 3528 Banatus
252 3479 311 3545 pro
327 3465 472 3550 tempore
487 3465 654 3534 eonstituti
674 3466 804 3534 omnino
836 3465 1021 3534 eximentes.
1053 3464 1092 3531 ln
1123 3466 1216 3533 ouius

1 3579 2 3633 ἓ
84 3568 133 3634 rei
150 3569 339 3636 memoriam
371 3580 624 3659 perpetuamque
655 3575 841 3643 firmitatem
871 3579 1040 3662 presentes
1059 3573 1217 3642 eoncessi-

1 3697 2 3700 ’
84 3695 159 3743 mus
175 3675 301 3745 litteras
316 3677 456 3766 dupliois
472 3681 573 3768 sigilli
588 3683 688 3752 nostri
708 3683 886 3753 munimine
905 3684 1082 3752 roboratae.
1098 3680 1216 3750 Datum

2 3870 3 3873 Ἴ
84 3804 142 3871 per
158 3804 275 3854 manua
291 3783 426 3856 disereti
442 3789 505 3855 uiri
519 3790 669 3875 Magistri
694 3793 912 3862 Bartholomei
926 3791 1085 3880 Prepositi
1100 3790 1219 3877 Seepu·
1291 3793 1295 3807 '

84 3893 204 3962 sienais
221 3893 305 3960 Aule
325 3901 435 3964 nostre
461 3897 736 3986 VioeCanoellarij
768 3899 880 3968 dileoti
912 3907 947 3970 et
976 3899 1085 3969 tidelia
1116 3896 1218 3966 nostri

85 4021 173 4069 anno
206 4001 337 4070 Domini
369 4002 636 4074 ΜῡῦὓῠΙιΧΧΧο
665 4009 776 4092 toreio,
808 4015 924 4078 oetano
937 4009 1100 4078 kalendas
1116 4007 1218 4096 Junij,

2 4171 3 4174 ,
85 4107 269 4178 indiooione
284 4110 464 4203 vndooima,
480 4115 584 4200 Regni
601 4123 710 4188 aulem
728 4117 829 4186 nostri
844 4138 930 4187 anno
946 4117 1127 4187 rudooimo.

85 4307 227 4372 (Eredetie
258 4311 446 4378 borhtrtydm
467 4313 647 4380 terga-voror
666 4316 907 4383 selyamzsinbron
925 4317 1013 4385 tuggo
1031 4317 1137 4384 kirtlyi
1159 4317 1218 4368 ket·

86 4403 129 4449 toa
162 4402 257 4464 peeset
289 4403 380 4468 alstt;
410 4419 428 4454 a
460 4405 647 4472 idmeltostgir
673 4407 793 4476 herozeg
811 4408 969 4473 Battnytni
989 4408 1083 4460 osaltd
1101 4408 1218 4461 lovtltt·

599 4497 709 4564 raban.)
