3194 5196
776 317 936 417 jag

278 509 407 578 ·ohaele
423 511 571 597 Custode,
604 511 707 578 Paulo
724 513 867 597 Deoano,
901 512 1083 595 ceterisque
1100 511 1273 578 Oanoniois
1298 489 1416 577 ibidem

294 619 363 684 Deo
381 617 611 686 famulantibus
627 618 746 702 iugiter
762 627 792 684 et
807 617 934 683 deuote.
1015 626 1017 630 ’

293 815 329 874 (Δ
349 817 422 866 bauai
441 816 632 882 kdptalannalr
667 815 777 864 rass-ki
810 814 895 862 »feria
926 819 1026 874 quarta
1058 815 1187 878 proxima
1218 816 1284 863 ante
1317 814 1442 862 festum·

292 905 373 954 Beati
393 907 493 970 Regis«
517 905 634 956 »nobilia
654 905 697 956 uir
716 905 851 968 Magister
865 902 1015 952 Ladizlaua
1028 903 1102 953 filius
1115 901 1278 971 smaragdi«
1293 901 1418 951 keresdre

292 993 404 1044 kiadott
436 995 609 1060 ttiratdbdl;
643 1011 659 1046 a
689 994 774 1044 budai
806 993 858 1043 kir.
891 992 1019 1042 kamarai
1047 993 1222 1043 leveltdrnak
1253 992 1418 1056 zagrabban
1452 990 1458 994 ’

743 1083 807 1132 levb'
827 1081 978 1142 rdszeben.)

818 1932 894 2001 tat.

290 2129 320 2192 A
337 2129 437 2196 budau'
453 2131 680 2215 kdptaluunak
695 2130 963 2214 bizoayacipleoele
988 2129 1136 2215 bizouyos
1167 2127 1420 2210 birtoborera'sdl,

289 2237 373 2321 nuely
389 2239 501 2302 Eudae
518 2237 627 2321 biruty
643 2237 674 2302 da
691 2235 796 2302 Jatat
812 2245 932 2317 prester,
965 2234 1167 2300 Heruddnak
1176 2234 1229 2314 fia
1254 2235 1328 2298 tuas
1355 2244 1418 2298 titr-

752 2344 825 2406 aena.
846 2337 940 2404 1297.

397 2533 580 2617 Capitulum
597 2533 760 2624 Budensis
777 2532 925 2600 Eoolesie
942 2531 1100 2598 vni-uersis
1118 2530 1237 2597 Christi
1263 2531 1415 2598 fidelibus

287 2641 400 2721 quibus
418 2649 585 2724 presentes
601 2642 812 2708 ostendentur
827 2641 965 2708 salntem
982 2641 1015 2706 in
1034 2660 1071 2706 eo
1103 2639 1158 2720 qui
1189 2644 1240 2706 est
1262 2641 1414 2734 omnium

288 2761 368 2809 uera
383 2745 482 2811 salus.
521 2749 748 2814 Vniuersorum
765 2748 885 2815 noticia
902 2755 967 2813 tam
984 2745 1185 2832 presentiam
1202 2767 1302 2830 quam
1335 2745 1416 2812 luta·

289 2868 396 2915 rorum
415 2851 529 2917 barum
545 2853 768 2920 insinuaaione
792 2855 973 2919 litterarum
1005 2851 1152 2919 nolumus
1181 2850 1252 2917 lieri
1284 2853 1417 2919 manile

287 2963 380 3044 stum,
407 2957 494 3041 quod
510 2956 659 3025 dominas
675 2959 823 3025 Andreas
841 2961 902 3026 Dei
920 2959 1033 3042 grauia
1049 2959 1182 3024 illustris
1196 2960 1266 3024 Rex
1284 2959 1416 3043 Hnnga-

286 3064 333 3131 rie
350 3063 497 3133 dominus
514 3072 623 3131 noster
637 3066 672 3132 iu
688 3067 794 3133 medio
811 3066 1148 3150 nostri‘personaliter
1164 3073 1276 3133 astans
1292 3067 1335 3132 ab
1350 3087 1415 3132 una

285 3177 388 3256 parte,
420 3179 452 3238 et
469 3173 626 3256 Magister
640 3172 785 3242 Jauobns
800 3174 886 3239 filius
905 3171 1070 3240 Hernardi
1097 3193 1138 3239 ex
1170 3173 1286 3258 altera,
1317 3191 1415 3258 super

285 3276 481 3360 quibusdam
514 3279 775 3363 possessionibus
792 3281 824 3344 in
841 3279 1113 3364 subsequentibus
1129 3279 1336 3346 nominandis
1347 3281 1414 3346 tale

286 3385 447 3451 cambium
464 3387 548 3452 inter
565 3407 600 3454 se
616 3386 765 3452 dixerunt
781 3385 849 3453 lore
866 3386 1049 3452 ordinatum
1067 3412 1074 3450 :
1091 3387 1179 3468 quod
1195 3386 1282 3454 idem
1314 3387 1415 3454 domi-

283 3511 344 3558 nus
371 3491 441 3559 Rex
467 3494 629 3577 quandam
663 3494 903 3580 possessionem
935 3493 1167 3562 Monorokereo
1197 3504 1349 3562 uocatam
1380 3495 1415 3562 in

284 3599 446 3667 Comitatu
462 3603 584 3690 Ferrey
609 3603 715 3669 (lustri
743 3603 945 3687 existentem,
977 3622 1039 3686 qne
1071 3601 1234 3686 quondam
1266 3603 1415 3688 Chepani

281 3707 341 3788 filii
358 3707 521 3793 Kasmerij
538 3707 654 3796 luerat,
670 3719 703 3778 et
718 3729 757 3777 eo
775 3709 929 3776 heredum
945 3711 1070 3776 solacio
1087 3708 1239 3777 destituto
1255 3709 1413 3778 demedio

283 3815 411 3882 sublato
427 3816 518 3884 iuxta
535 3818 797 3886 consuetudinum
814 3817 918 3900 Regni
936 3817 969 3882 in
987 3837 1102 3884 manns
1111 3817 1410 3904 Regiasdenolnta,

281 3943 354 3990 utrm
380 3923 469 3990 uillis
496 3924 540 3990 ad
573 3924 706 3992 eandem
739 3924 989 4009 pertinentibus,
1020 3924 1173 3992 videlieet
1204 3925 1415 4012 Mendzenth,
1459 4013 1465 4022 Ι

268 4029 486 4116 ,Zentbpetem
503 4030 613 4120 Balad,
631 4031 727 4121 Heyl,
745 4029 899 4099 'Pothfolu
917 4037 949 4097 et
966 4032 1091 4117 Fynzes
1107 4033 1313 4120 nuncupatis,
1339 4053 1413 4099 oum

281 4139 428 4205 omnibus
442 4138 637 4207 utilitatibus
670 4146 702 4206 et
732 4138 945 4226 pertinenoijs
979 4139 1164 4226 earundem,
1195 4141 1255 4206 sub
1289 4140 1410 4207 eisdem

279 4243 386 4328 metis,
403 4246 509 4330 signis
526 4252 557 4313 et
574 4247 728 4334 terminis,
745 4247 808 4314 sub
825 4247 942 4330 quibus
959 4249 1033 4332 ipsa
1048 4249 1210 4332 possessio
1228 4247 1340 4314 totalis
1349 4255 1409 4334 per

279 4352 418 4420 eundem
435 4353 623 4442 Ohepannm
640 4355 756 4424 habita
770 4355 871 4422 luisse
887 4355 1088 4441 dignoscitur
1113 4355 1238 4444 pariter
1269 4365 1301 4423 et
1333 4375 1405 4442 pos-

277 4477 377 4542 sessu,
394 4459 494 4546 dedit,
521 4461 655 4530 tradidit
685 4469 717 4530 et
732 4464 928 4548 assignarit
959 4464 1064 4533 eidem
1096 4462 1252 4548 Magistro
1277 4461 1411 4548 Jacobo,

266 4569 376 4645 ‹etpor
407 4585 479 4631 enm
506 4567 573 4634 suls
592 4569 766 4650 heredibus
791 4590 828 4637 aa
856 4591 985 4638 snorum
1005 4569 1157 4638 heredum
1169 4567 1408 4640 suecessoribus
