3190 5190
822 437 983 537 “rsp-

337 635 430 725 Gyos
448 635 544 723 dicte,
569 633 731 722 Kyrtnilis
748 641 780 702 et
796 633 895 722 Gyuk
913 640 1036 717 roceto,
1053 632 1303 702 timitscionibns
1318 639 1350 700 et
1365 639 1468 702 meta·

336 766 407 813 rum
424 743 647 813 ereceionibus
662 743 847 827 indigerent
863 749 896 810 et
911 747 1022 832 essent
1048 741 1250 822 necessarie3
1273 761 1371 828 super
1402 761 1470 826 quo

338 851 489 920 fidelitati
504 859 610 920 vestre
625 849 836 938 precipiendo
852 848 1043 919 mandamus
1059 849 1193 917 firmiter
1207 870 1267 936 per
1282 857 1467 936 presentes,

337 965 497 1046 qnatenus
512 961 655 1028 vestrum
672 958 757 1026 detis
773 957 934 1025 hominem
953 977 1011 1042 pro
1035 955 1219 1024 testimonio
1249 954 1465 1045 fidedignum,

337 1085 447 1134 coram
465 1087 528 1152 quo
545 1065 640 1134 homo
656 1073 767 1133 noster
781 1065 961 1133 Ledizlans
977 1063 1018 1130 de
1033 1063 1173 1150 Kereeh,
1187 1063 1240 1131 rel
1255 1063 1417 1132 Nicoleus
1430 1063 1474 1131 de

337 1172 446 1242 Gerek
462 1174 628 1261 predictas
644 1174 869 1260 possessiones
900 1173 1117 1258 predictorum
1141 1171 1288 1238 filiorum
1322 1170 1473 1258 Georgij,

342 1281 533 1349 conuocatis
549 1282 666 1349 vicinis
683 1287 715 1348 et
731 1281 962 1349 commetsneis
978 1280 1127 1349 omnibns
1143 1278 1366 1347 rcembnletet
1376 1297 1473 1368 sepa·

335 1395 388 1456 rot
402 1409 424 1456 e
440 1389 699 1473 possessionibus
717 1389 896 1458 vicinorum
913 1395 945 1456 et
961 1393 1252 1457 commeteneornm
1268 1396 1471 1475 perveteres

337 1503 370 1564 et
386 1497 537 1583 antiques
554 1503 672 1581 metes,
702 1498 756 1565 vbi
773 1516 910 1566 necesse
926 1497 1023 1564 suerit
1039 1503 1143 1566 metas
1168 1516 1273 1566 nouos
1301 1497 1471 1584 erigendo,

336 1606 366 1672 si
382 1625 447 1672 non
463 1604 564 1672 inerit
580 1605 825 1684 contradictum,
842 1605 970 1674 litteras
987 1605 1090 1674 eciem
1108 1612 1236 1674 vestras
1251 1623 1349 1692 super
1364 1625 1472 1673 reem-

224 1795 226 1800 ,
335 1711 508 1782 bulccione
523 1719 556 1782 et
571 1713 735 1783 ereecione
750 1719 909 1781 metarum
942 1709 1100 1781 dictarum
1131 1713 1374 1800 possessionum
1405 1715 1471 1781 eis

338 1821 411 1891 dem
426 1819 503 1905 filiis
521 1819 651 1908 Georgij
670 1821 864 1904 conferetis3
889 1820 1146 1892 contradictores
1162 1841 1241 1891 vcro
1257 1823 1286 1890 si
1311 1823 1367 1907 qni
1398 1821 1470 1889 ine·

339 1929 414 2017 rint,
431 1927 475 1996 ad
490 1935 632 1997 noemam
648 1930 726 1997 citet
740 1929 943 2018 presenciam
958 1927 1003 1996 sd
1018 1929 1190 1997 terminum
1216 1935 1470 2017 competentem,

338 2043 371 2104 et
385 2035 519 2121 posthee
535 2037 620 2104 diem
637 2037 807 2107 eitecionis
824 2042 856 2104 et
869 2036 1052 2125 terminum,
1069 2057 1140 2107 cum
1157 2037 1341 2107 nominibus
1351 2037 1470 2105 citato

337 2161 409 2211 rum
424 2141 520 2212 nobis
537 2143 673 2213 fideliter
687 2143 885 2216 rescribetis.
903 2144 1025 2216 Datum
1042 2143 1077 2214 in
1091 2145 1168 2216 Pest
1182 2145 1218 2214 in
1234 2145 1361 2216 octeeis
1371 2145 1470 2215 Beati

337 2250 435 2336 Regis
451 2249 621 2338 Stephani.

337 2446 392 2511 <Aa
405 2449 465 2516 egri
477 2449 671 2516 keptslsnnsk
685 2453 796 2505 reto-ki
809 2453 1108 2522 bizonysiglevelebol,
1118 2454 1191 2508 mint
1203 2454 1286 2508 elsibb
1301 2456 1361 2506 134.
1376 2468 1414 2506 ez.
1425 2455 1468 2518 a.)

768 2741 1034 2756 *-

866 3277 939 3348 118.

336 3466 394 3534 IV.
417 3470 531 3537 Ldezlo
547 3473 661 3559 tirely
668 3473 866 3562 felseollitjo
882 3477 994 3562 onyjcit
1010 3477 1157 3544 Erzsc'bet
1180 3478 1354 3565 kirdlyce‘t,
1380 3483 1467 3567 kopp

399 3575 523 3644 Varkai
537 3579 676 3646 bernier
691 3581 771 3668 odjo
785 3585 889 3651 oieszo
905 3609 927 3650 o
943 3587 1079 3673 zdyrdlri
1095 3587 1286 3673 epyhdzoalr.
1305 3585 1404 3653 1275.

337 3772 499 3839 (Phalerico,
517 3776 641 3829 Honnm.
660 3777 761 3832 histor.
779 3781 966 3848 Episcopatus
985 3784 1181 3850 Zeprobiensis
1194 3786 1217 3836 1.
1229 3784 1289 3836 not.
1311 3789 1372 3836 177.
1392 3781 1464 3852 lep.)
