3160 5200
693 336 919 446 2822..

270 537 491 610 concessimus
508 535 606 624 sigilli
624 539 726 606 nostri
743 539 920 607 munimine
951 541 1130 608 roboratas.
1164 543 1284 608 Datum
1321 563 1417 611 enno·

271 645 403 716 Domini
434 647 607 714 millesimo
639 645 861 716 ducentesimo
892 647 1104 732 nonagesimo
1121 647 1244 734 quinto,
1262 649 1333 716 XV.
1352 649 1411 715 lue·

165 839 168 846 ,
274 753 393 822 lendes
412 755 614 822 Decembris.

277 909 420 1014 (Erddetie
450 951 634 1014 berhtrtytn,
668 950 829 1016 zelo-sergo
847 953 1082 1015 selyemzsindron
1102 953 1189 1018 idggd
1207 953 1304 1019 pse-set
1322 955 1418 1016 slutt3.

567 1053 584 1090 s
603 1039 687 1090 budsi
707 1042 762 1093 hir.
781 1042 907 1092 kannensi
926 1041 1121 1104 levtltr'srben.)

807 1857 884 1923 468.

281 2053 350 2121 ΙΙΙ.
374 2055 488 2120 Eudre
509 2055 686 2140 lrirdlyuak
709 2052 821 2120 Sordu
843 2055 998 2140 delysdpet
1021 2059 1181 2142 tdrqpuzo'
1205 2057 1420 2144 udomdnyle·

348 2163 410 2228 vele
432 2161 564 2228 Mdrtou
587 2181 684 2228 eomes
707 2163 866 2228 tueueseue'
889 2165 1036 2249 udmuyy
1059 2167 1221 2230 szdmdru.
1241 2166 1346 2232 1296.

386 2353 548 2424 Andreas*
574 2355 635 2420 Dei
675 2355 788 2439 grauis
819 2355 998 2442 Hungurie,
1045 2357 1225 2444 Delmeeie,
1263 2360 1420 2438 Crosoie,

279 2465 392 2546 Reme,
425 2462 548 2547 Seruio,
581 2461 730 2546 Gellioie,
763 2463 966 2547 Lodomerie,
997 2463 1162 2544 Cumanis,
1192 2465 1415 2551 Bulgurieque

280 2569 352 2637 Rex
368 2568 516 2637 omnibus
541 2577 706 2656 presentes
732 2571 863 2640 litteras
880 2572 1075 2658 inspecturis
1090 2575 1228 2641 sulutem
1246 2573 1281 2641 iu
1297 2575 1422 2642 uelutis-

278 2676 442 2760 largitore.
474 2677 538 2743 Pro
562 2677 734 2746 sudoribus
751 2679 832 2746 bene
849 2679 1035 2748 meritorum
1051 2699 1188 2749 suorum
1204 2682 1326 2750 Nostre
1343 2704 1414 2751 eon·

284 2783 372 2855 uenit
389 2783 610 2852 Muuifieenoie
625 2785 727 2870 Regie
743 2787 957 2872 uppremiere,
988 2785 1133 2856 fidelites
1149 2787 1182 2854 in
1199 2807 1263 2873 quo
1280 2797 1422 2875 creseat,

284 2900 410 2960 eeteros
426 2893 478 2960 sui
494 2889 702 2960 similitudine
719 2889 761 2960 ud
776 2890 946 2961 fidelitatis
962 2913 1062 2980 opere
1078 2893 1296 2962 uouendendo.
1338 2898 1416 2964 Pro-

283 3001 361 3067 inde
376 2999 420 3066 ed
435 2999 657 3068 uniuersorum
673 2999 828 3067 notioium
846 3008 915 3067 tem
930 3001 1137 3085 presencium
1163 3022 1262 3087 quem
1296 3001 1414 3070 futuro

284 3125 355 3174 rum
370 3104 520 3173 volumus
547 3105 728 3192 peruenire,
761 3104 848 3189 quod
864 3106 981 3173 Oomes
996 3107 1161 3175 Martinus
1187 3107 1274 3204 filius
1305 3109 1420 3194 Buger

283 3212 490 3281 Castellunus
506 3211 548 3279 ds
563 3211 760 3281 Treuohinio
777 3212 883 3280 tidelis
900 3218 1009 3282 noster
1024 3213 1069 3282 ed
1086 3221 1236 3281 nostram
1253 3215 1415 3284 ueeedens

284 3319 485 3403 presenciam
503 3318 666 3403 quendem
682 3325 803 3386 terrum
820 3317 927 3387 (lustri
953 3319 1154 3406 Nyttriensis
1184 3321 1290 3388 Surun
1322 3342 1415 3390 voee-

283 3432 351 3491 tum
366 3444 388 3491 e
402 3425 497 3493 uobis
513 3425 579 3493 sibi
595 3424 665 3492 deri
680 3425 867 3512 postulauit.
908 3428 1026 3493 Verum
1043 3425 1123 3510 quie
1149 3426 1191 3494 de
1222 3427 1297 3512 ipse
1328 3436 1421 3496 terre

285 3531 379 3600 nobis
395 3531 514 3602 veritus
530 3533 720 3619 adplenum
737 3554 800 3600 non
817 3533 1005 3615 eonstsbut3
1029 3532 1182 3602 fidelibus
1198 3536 1320 3603 nostris
1356 3537 1421 3603 eu·

285 3639 388 3725 pitulo
404 3640 586 3724 Npttrieusi
601 3641 720 3707 nostris
737 3639 851 3706 litteris
868 3640 1016 3710 dedimus
1033 3642 1068 3707 in
1080 3640 1254 3725 mundetis,
1271 3649 1307 3710 vt
1320 3655 1417 3710 vnum

285 3768 324 3815 ex
340 3745 421 3834 ipsis
438 3748 602 3814 mitterent
616 3749 722 3814 virum
737 3747 898 3835 ydoneum
915 3769 973 3835 pro
992 3749 1190 3831 testimonio,
1222 3769 1332 3818 eorum
1352 3771 1418 3835 que

284 3853 454 3922 Renoldus
470 3854 555 3923 filius
573 3854 709 3922 (letardi
725 3855 821 3922 homo
837 3862 956 3944 noster,
990 3857 1096 3942 ipsum
1114 3865 1233 3926 terram
1261 3859 1417 3943 presenti·

284 3964 345 4030 bus
360 3961 589 4030 oommsteueis
605 3969 638 4030 et
653 3963 768 4030 vicinis
784 3962 1032 4051 reumbulsndo,
1064 3966 1094 4031 si
1111 3967 1272 4035 inueniret
1304 3971 1415 4034 nostre

282 4058 457 4138 'eollaoioni
475 4091 546 4139 oum
561 4071 736 4158 pertinere,
753 4076 880 4138 statuet
904 4070 1010 4138 eidem
1026 4072 1273 4160 possidendam,
1290 4080 1417 4140 contre·

284 4175 461 4246 dictoribus
477 4177 505 4246 si
522 4177 576 4264 qui
593 4177 714 4247 tuerint
730 4184 845 4247 eontra
861 4177 999 4245 eundem
1031 4177 1074 4245 ed
1107 4184 1252 4247 nostrum
1285 4199 1418 4266 presen-

282 4283 366 4352 oism
384 4286 536 4356 euocatis.
575 4286 617 4352 Et
632 4293 740 4373 preter
771 4287 832 4353 heo
858 4285 1060 4375 qualitatem,
1095 4287 1353 4374 contiguitatem,
1387 4296 1420 4357 et

282 4411 397 4460 omnes
412 4392 682 4463 oiroumstuneies
697 4394 841 4464 eiusdem
860 4400 945 4462 terre
961 4395 1058 4463 nubis
1074 4395 1288 4464 reseriberent
1315 4397 1418 4465 seris·

283 4499 352 4570 tim.
376 4499 440 4579 Qui
471 4500 600 4585 quidem
633 4503 864 4591 propemodum
896 4503 990 4571 nobis
1021 4503 1261 4591 rescripserunt
1291 4503 1326 4571 in
1359 4506 1422 4606 lree
1554 4541 1555 4544 ¹

281 4607 403 4676 verbe:
