<?xml version="1.0" encoding="UTF-8"?>
<!DOCTYPE html PUBLIC "-//W3C//DTD XHTML 1.0 Transitional//EN"
    "http://www.w3.org/TR/xhtml1/DTD/xhtml1-transitional.dtd">
<html xmlns="http://www.w3.org/1999/xhtml" xml:lang="en" lang="en">
 <head>
  <title>
</title>
<meta http-equiv="Content-Type" content="text/html;charset=utf-8" />
  <meta name='ocr-system' content='tesseract 3.04.00' />
  <meta name='ocr-capabilities' content='ocr_page ocr_carea ocr_par ocr_line ocrx_word'/>
</head>
<body>
  <div class='ocr_page' id='page_1' title='image "./codexdiplomatic00wenzgoog_0547.png"; bbox 0 0 3142 5198; ppageno 0'>
   <div class='ocr_carea' id='block_1_1' title="bbox 18 1262 1282 1459">
    <p class='ocr_par' dir='ltr' id='par_1_1' title="bbox 9 1214 1282 1459">
     <span class='ocr_line' id='line_1_1' title="bbox 146 1262 1282 1350; baseline -0.009 -15.184"><span class='ocrx_word' id='word_1_1' title='bbox 146 1267 216 1333; x_wconf 85' lang='lat' dir='ltr'><em>III.</em></span> <span class='ocrx_word' id='word_1_2' title='bbox 242 1265 355 1331; x_wconf 79' lang='lat' dir='ltr'><strong>Endre</strong></span> <span class='ocrx_word' id='word_1_3' title='bbox 380 1263 562 1350; x_wconf 76' lang='lat' dir='ltr'><strong>leircllyuak</strong></span> <span class='ocrx_word' id='word_1_4' title='bbox 588 1262 685 1330; x_wconf 77' lang='lat' dir='ltr'><strong>Albe·</strong></span> <span class='ocrx_word' id='word_1_5' title='bbox 717 1263 872 1348; x_wconf 68' lang='lat' dir='ltr'><strong>helyseyet</strong></span> <span class='ocrx_word' id='word_1_6' title='bbox 904 1265 1062 1348; x_wconf 69' lang='lat' dir='ltr'><strong>lrtrqyaze</strong></span> <span class='ocrx_word' id='word_1_7' title='bbox 1093 1263 1282 1347; x_wconf 60' lang='lat' dir='ltr'><strong>adoindum,</strong></span> 
     </span>
     <span class='ocr_line' id='line_1_2' title="bbox 18 1356 1005 1459; baseline -0.011 -14"><span class='ocrx_word' id='word_1_8' title='bbox 18 1356 31 1379; x_wconf 84' lang='grc'><strong>““</strong></span> <span class='ocrx_word' id='word_1_9' title='bbox 421 1371 1005 1459; x_wconf 56' lang='lat' dir='ltr'><strong>narretqueeufiatezemera.1291.</strong></span> 
     </span>
    </p>
   </div>
   <div class='ocr_carea' id='block_1_2' title="bbox 1 1565 1391 2197">
    <p class='ocr_par' dir='ltr' id='par_1_2' title="bbox 1 1565 1391 2197">
     <span class='ocr_line' id='line_1_3' title="bbox 259 1565 1279 1654; baseline 0.002 -20"><span class='ocrx_word' id='word_1_10' title='bbox 259 1567 409 1636; x_wconf 77' lang='lat' dir='ltr'>Andreas</span> <span class='ocrx_word' id='word_1_11' title='bbox 449 1569 512 1637; x_wconf 88' lang='lat' dir='ltr'><strong>Dei</strong></span> <span class='ocrx_word' id='word_1_12' title='bbox 551 1569 666 1652; x_wconf 78' lang='lat' dir='ltr'><strong>gracia</strong></span> <span class='ocrx_word' id='word_1_13' title='bbox 706 1567 884 1654; x_wconf 87' lang='lat' dir='ltr'><strong>Hungurie,</strong></span> <span class='ocrx_word' id='word_1_14' title='bbox 925 1565 1106 1652; x_wconf 80' lang='lat' dir='ltr'><strong>Dulmseie,</strong></span> <span class='ocrx_word' id='word_1_15' title='bbox 1136 1567 1279 1654; x_wconf 78' lang='lat' dir='ltr'><strong>Groneie,</strong></span> 
     </span>
     <span class='ocr_line' id='line_1_4' title="bbox 9 1665 1391 1765; baseline -0.002 -19"><span class='ocrx_word' id='word_1_16' title='bbox 9 1751 15 1765; x_wconf 50' lang='lat'><em>„</em></span> <span class='ocrx_word' id='word_1_17' title='bbox 144 1679 260 1761; x_wconf 77' lang='lat' dir='ltr'><strong>Reme,</strong></span> <span class='ocrx_word' id='word_1_18' title='bbox 277 1675 399 1762; x_wconf 77' lang='lat' dir='ltr'><strong>Seruio,</strong></span> <span class='ocrx_word' id='word_1_19' title='bbox 416 1676 563 1762; x_wconf 79' lang='lat' dir='ltr'><strong>Gellieie,</strong></span> <span class='ocrx_word' id='word_1_20' title='bbox 579 1675 782 1764; x_wconf 83' lang='lat' dir='ltr'><strong>Ledumerie,</strong></span> <span class='ocrx_word' id='word_1_21' title='bbox 799 1673 954 1742; x_wconf 83' lang='lat' dir='ltr'><strong>Oumsnie</strong></span> <span class='ocrx_word' id='word_1_22' title='bbox 974 1674 1192 1761; x_wconf 80' lang='lat' dir='ltr'><strong>Bulgsrieque</strong></span> <span class='ocrx_word' id='word_1_23' title='bbox 1208 1676 1279 1745; x_wconf 89' lang='lat' dir='ltr'><strong>Rex</strong></span> <span class='ocrx_word' id='word_1_24' title='bbox 1389 1665 1391 1676; x_wconf 70' lang='lat'>&#39;</span> 
     </span>
     <span class='ocr_line' id='line_1_5' title="bbox 9 1774 1279 1870; baseline -0.001 -18"><span class='ocrx_word' id='word_1_25' title='bbox 9 1774 22 1814; x_wconf 70' lang='lat'><strong>‘⁷</strong></span> <span class='ocrx_word' id='word_1_26' title='bbox 146 1783 298 1852; x_wconf 85' lang='lat' dir='ltr'><strong>omnibus</strong></span> <span class='ocrx_word' id='word_1_27' title='bbox 316 1782 436 1852; x_wconf 78' lang='lat' dir='ltr'><strong>Christi</strong></span> <span class='ocrx_word' id='word_1_28' title='bbox 452 1783 603 1851; x_wconf 85' lang='lat' dir='ltr'><strong>fidelibus</strong></span> <span class='ocrx_word' id='word_1_29' title='bbox 619 1790 687 1850; x_wconf 88' lang='lat' dir='ltr'><strong>tum</strong></span> <span class='ocrx_word' id='word_1_30' title='bbox 702 1779 906 1869; x_wconf 85' lang='lat' dir='ltr'><strong>presentibus</strong></span> <span class='ocrx_word' id='word_1_31' title='bbox 933 1802 1030 1868; x_wconf 79' lang='lat' dir='ltr'><strong>quam</strong></span> <span class='ocrx_word' id='word_1_32' title='bbox 1060 1783 1177 1852; x_wconf 84' lang='lat' dir='ltr'><strong>futuris</strong></span> <span class='ocrx_word' id='word_1_33' title='bbox 1208 1805 1279 1870; x_wconf 82' lang='lat' dir='ltr'><strong>pre·</strong></span> 
     </span>
     <span class='ocr_line' id='line_1_6' title="bbox 7 1881 1335 1978; baseline 0.001 -19.998"><span class='ocrx_word' id='word_1_34' title='bbox 7 1881 23 1920; x_wconf 62' lang='lat'><strong>²*</strong></span> <span class='ocrx_word' id='word_1_35' title='bbox 148 1898 262 1960; x_wconf 87' lang='lat' dir='ltr'><strong>sentes</strong></span> <span class='ocrx_word' id='word_1_36' title='bbox 286 1891 413 1960; x_wconf 85' lang='lat' dir='ltr'><strong>litteras</strong></span> <span class='ocrx_word' id='word_1_37' title='bbox 439 1891 632 1978; x_wconf 87' lang='lat' dir='ltr'><strong>inspeeturis</strong></span> <span class='ocrx_word' id='word_1_38' title='bbox 658 1892 797 1959; x_wconf 81' lang='lat' dir='ltr'><strong>sulutem</strong></span> <span class='ocrx_word' id='word_1_39' title='bbox 812 1891 846 1957; x_wconf 93' lang='lat' dir='ltr'><strong>in</strong></span> <span class='ocrx_word' id='word_1_40' title='bbox 863 1891 1005 1959; x_wconf 89' lang='lat' dir='ltr'><strong>emnium</strong></span> <span class='ocrx_word' id='word_1_41' title='bbox 1025 1890 1199 1960; x_wconf 77' lang='lat' dir='ltr'><strong>saluatore.</strong></span> <span class='ocrx_word' id='word_1_42' title='bbox 1226 1892 1279 1959; x_wconf 79' lang='lat' dir='ltr'><strong>Ad</strong></span> <span class='ocrx_word' id='word_1_43' title='bbox 1332 1901 1335 1908; x_wconf 91' lang='lat'>&#39;</span> 
     </span>
     <span class='ocr_line' id='line_1_7' title="bbox 1 1991 1276 2085; baseline 0 -19"><span class='ocrx_word' id='word_1_44' title='bbox 1 1991 17 2032; x_wconf 61' lang='grc'><strong>”·’</strong></span> <span class='ocrx_word' id='word_1_45' title='bbox 146 1997 375 2067; x_wconf 82' lang='lat' dir='ltr'><strong>uniuersorum</strong></span> <span class='ocrx_word' id='word_1_46' title='bbox 392 2007 458 2066; x_wconf 81' lang='lat' dir='ltr'><strong>tam</strong></span> <span class='ocrx_word' id='word_1_47' title='bbox 475 2000 678 2085; x_wconf 82' lang='lat' dir='ltr'><strong>presencium</strong></span> <span class='ocrx_word' id='word_1_48' title='bbox 694 2018 792 2083; x_wconf 82' lang='lat' dir='ltr'><strong>quem</strong></span> <span class='ocrx_word' id='word_1_49' title='bbox 808 1999 987 2066; x_wconf 77' lang='lat' dir='ltr'><strong>futurorum</strong></span> <span class='ocrx_word' id='word_1_50' title='bbox 997 1998 1152 2067; x_wconf 81' lang='lat' dir='ltr'><strong>netieism</strong></span> <span class='ocrx_word' id='word_1_51' title='bbox 1163 1999 1276 2068; x_wconf 80' lang='lat' dir='ltr'><strong>hurum</strong></span> 
     </span>
     <span class='ocr_line' id='line_1_8' title="bbox 145 2103 1274 2197; baseline 0.002 -25"><span class='ocrx_word' id='word_1_52' title='bbox 145 2105 233 2172; x_wconf 88' lang='lat' dir='ltr'><strong>serie</strong></span> <span class='ocrx_word' id='word_1_53' title='bbox 248 2107 398 2174; x_wconf 83' lang='lat' dir='ltr'><strong>velumus</strong></span> <span class='ocrx_word' id='word_1_54' title='bbox 414 2105 596 2192; x_wconf 85' lang='lat' dir='ltr'><strong>peruenire,</strong></span> <span class='ocrx_word' id='word_1_55' title='bbox 629 2104 715 2188; x_wconf 88' lang='lat' dir='ltr'><strong>quod</strong></span> <span class='ocrx_word' id='word_1_56' title='bbox 731 2103 846 2173; x_wconf 80' lang='lat' dir='ltr'><strong>Oemes</strong></span> <span class='ocrx_word' id='word_1_57' title='bbox 861 2105 1019 2173; x_wconf 84' lang='lat' dir='ltr'><strong>Nieoleus</strong></span> <span class='ocrx_word' id='word_1_58' title='bbox 1045 2105 1150 2174; x_wconf 85' lang='lat' dir='ltr'><strong>dietus</strong></span> <span class='ocrx_word' id='word_1_59' title='bbox 1182 2108 1274 2197; x_wconf 83' lang='lat' dir='ltr'><strong>Wen,</strong></span> 
     </span>
    </p>
   </div>
   <div class='ocr_carea' id='block_1_3' title="bbox 144 2209 1273 2298">
    <p class='ocr_par' dir='ltr' id='par_1_3' title="bbox 144 2209 1273 2298">
     <span class='ocr_line' id='line_1_9' title="bbox 144 2209 1273 2298; baseline 0.004 -21"><span class='ocrx_word' id='word_1_60' title='bbox 144 2213 315 2297; x_wconf 83' lang='lat' dir='ltr'><strong>Werrneb,</strong></span> <span class='ocrx_word' id='word_1_61' title='bbox 348 2212 522 2281; x_wconf 79' lang='lat' dir='ltr'><strong>(lurrsldus</strong></span> <span class='ocrx_word' id='word_1_62' title='bbox 539 2219 573 2279; x_wconf 88' lang='lat' dir='ltr'><strong>et</strong></span> <span class='ocrx_word' id='word_1_63' title='bbox 587 2209 755 2298; x_wconf 77' lang='lat' dir='ltr'>seyfridus</span> <span class='ocrx_word' id='word_1_64' title='bbox 771 2213 828 2297; x_wconf 85' lang='lat' dir='ltr'><strong>filij</strong></span> <span class='ocrx_word' id='word_1_65' title='bbox 856 2210 1022 2298; x_wconf 86' lang='lat' dir='ltr'><strong>Hertnegh</strong></span> <span class='ocrx_word' id='word_1_66' title='bbox 1050 2213 1094 2280; x_wconf 81' lang='lat' dir='ltr'><strong>eri</strong></span> <span class='ocrx_word' id='word_1_67' title='bbox 1130 2219 1273 2282; x_wconf 83' lang='lat' dir='ltr'><strong>nostram</strong></span> 
     </span>
    </p>
   </div>
   <div class='ocr_carea' id='block_1_4' title="bbox 1 2320 1275 2733">
    <p class='ocr_par' dir='ltr' id='par_1_4' title="bbox 1 2320 1275 2733">
     <span class='ocr_line' id='line_1_10' title="bbox 4 2320 1275 2406; baseline 0.002 -19"><span class='ocrx_word' id='word_1_68' title='bbox 4 2328 11 2342; x_wconf 71' lang='lat'><em>⁷</em></span> <span class='ocrx_word' id='word_1_69' title='bbox 141 2320 341 2388; x_wconf 77' lang='lat' dir='ltr'><strong>aecedentes</strong></span> <span class='ocrx_word' id='word_1_70' title='bbox 356 2321 562 2392; x_wconf 83' lang='lat' dir='ltr'><strong>Preseneium</strong></span> <span class='ocrx_word' id='word_1_71' title='bbox 580 2321 620 2388; x_wconf 88' lang='lat' dir='ltr'><strong>de</strong></span> <span class='ocrx_word' id='word_1_72' title='bbox 636 2320 755 2388; x_wconf 77' lang='lat' dir='ltr'><strong>Nostra</strong></span> <span class='ocrx_word' id='word_1_73' title='bbox 778 2321 950 2388; x_wconf 72' lang='lat' dir='ltr'><strong>Maiestate</strong></span> <span class='ocrx_word' id='word_1_74' title='bbox 975 2322 1079 2406; x_wconf 85' lang='lat' dir='ltr'><strong>Regis</strong></span> <span class='ocrx_word' id='word_1_75' title='bbox 1109 2321 1275 2390; x_wconf 87' lang='lat' dir='ltr'><strong>humiliter</strong></span> 
     </span>
     <span class='ocr_line' id='line_1_11' title="bbox 4 2427 1273 2516; baseline 0.002 -21"><span class='ocrx_word' id='word_1_76' title='bbox 4 2435 13 2464; x_wconf 68' lang='lat'><strong>&#39;⁴</strong></span> <span class='ocrx_word' id='word_1_77' title='bbox 142 2427 364 2514; x_wconf 78' lang='lat' dir='ltr'><strong>supplicando</strong></span> <span class='ocrx_word' id='word_1_78' title='bbox 379 2429 596 2516; x_wconf 80' lang='lat' dir='ltr'><strong>postularunt,</strong></span> <span class='ocrx_word' id='word_1_79' title='bbox 624 2428 710 2514; x_wconf 86' lang='lat' dir='ltr'><strong>quod</strong></span> <span class='ocrx_word' id='word_1_80' title='bbox 725 2435 842 2496; x_wconf 86' lang='lat' dir='ltr'><strong>terrum</strong></span> <span class='ocrx_word' id='word_1_81' title='bbox 861 2429 1022 2516; x_wconf 82' lang='lat' dir='ltr'><strong>hospitum</strong></span> <span class='ocrx_word' id='word_1_82' title='bbox 1038 2430 1145 2500; x_wconf 84' lang='lat' dir='ltr'><strong>Onslri</strong></span> <span class='ocrx_word' id='word_1_83' title='bbox 1170 2433 1273 2500; x_wconf 80' lang='lat' dir='ltr'><strong>nuent</strong></span> 
     </span>
     <span class='ocr_line' id='line_1_12' title="bbox 11 2533 1271 2624; baseline 0.006 -23"><span class='ocrx_word' id='word_1_84' title='bbox 11 2561 23 2599; x_wconf 86' lang='lat'><strong>·.</strong></span> <span class='ocrx_word' id='word_1_85' title='bbox 143 2535 254 2604; x_wconf 77' lang='lat' dir='ltr'><strong>(taetri</strong></span> <span class='ocrx_word' id='word_1_86' title='bbox 268 2535 389 2624; x_wconf 81' lang='lat' dir='ltr'><strong>Ferrey</strong></span> <span class='ocrx_word' id='word_1_87' title='bbox 407 2533 448 2603; x_wconf 76' lang='lat' dir='ltr'><strong>ule</strong></span> <span class='ocrx_word' id='word_1_88' title='bbox 463 2535 641 2624; x_wconf 83' lang='lat' dir='ltr'><strong>Hydegsed</strong></span> <span class='ocrx_word' id='word_1_89' title='bbox 656 2536 756 2604; x_wconf 85' lang='lat' dir='ltr'><strong>Alber</strong></span> <span class='ocrx_word' id='word_1_90' title='bbox 771 2543 931 2621; x_wconf 80' lang='lat' dir='ltr'><strong>uocatam,</strong></span> <span class='ocrx_word' id='word_1_91' title='bbox 949 2559 1085 2608; x_wconf 79' lang='lat' dir='ltr'><strong>saeuum</strong></span> <span class='ocrx_word' id='word_1_92' title='bbox 1097 2547 1130 2607; x_wconf 89' lang='lat' dir='ltr'><strong>et</strong></span> <span class='ocrx_word' id='word_1_93' title='bbox 1142 2538 1271 2608; x_wconf 77' lang='lat' dir='ltr'><strong>habita·</strong></span> 
     </span>
     <span class='ocr_line' id='line_1_13' title="bbox 1 2643 1272 2733; baseline 0.006 -24"><span class='ocrx_word' id='word_1_94' title='bbox 1 2645 16 2720; x_wconf 61' lang='grc' dir='ltr'><strong>’ἓ</strong></span> <span class='ocrx_word' id='word_1_95' title='bbox 141 2643 268 2712; x_wconf 83' lang='lat' dir='ltr'><strong>teribus</strong></span> <span class='ocrx_word' id='word_1_96' title='bbox 285 2645 485 2732; x_wconf 82' lang='lat' dir='ltr'><strong>destitutum,</strong></span> <span class='ocrx_word' id='word_1_97' title='bbox 518 2665 575 2731; x_wconf 86' lang='lat' dir='ltr'><strong>per</strong></span> <span class='ocrx_word' id='word_1_98' title='bbox 590 2644 754 2714; x_wconf 86' lang='lat' dir='ltr'><strong>dominum</strong></span> <span class='ocrx_word' id='word_1_99' title='bbox 770 2645 962 2714; x_wconf 85' lang='lat' dir='ltr'><strong>Ledizlnum</strong></span> <span class='ocrx_word' id='word_1_100' title='bbox 977 2647 1109 2733; x_wconf 83' lang='lat' dir='ltr'>Regem,</span> <span class='ocrx_word' id='word_1_101' title='bbox 1138 2649 1272 2717; x_wconf 76' lang='lat' dir='ltr'><strong>fratrem</strong></span> 
     </span>
    </p>
   </div>
   <div class='ocr_carea' id='block_1_5' title="bbox 140 2753 1271 2842">
    <p class='ocr_par' dir='ltr' id='par_1_5' title="bbox 140 2753 1271 2842">
     <span class='ocr_line' id='line_1_14' title="bbox 140 2753 1271 2842; baseline 0.007 -24"><span class='ocrx_word' id='word_1_102' title='bbox 140 2755 288 2819; x_wconf 84' lang='lat' dir='ltr'><strong>nestrum</strong></span> <span class='ocrx_word' id='word_1_103' title='bbox 304 2753 484 2838; x_wconf 77' lang='lat' dir='ltr'><strong>patruelem</strong></span> <span class='ocrx_word' id='word_1_104' title='bbox 500 2753 540 2819; x_wconf 91' lang='lat' dir='ltr'><strong>nb</strong></span> <span class='ocrx_word' id='word_1_105' title='bbox 558 2755 673 2820; x_wconf 78' lang='lat' dir='ltr'><strong>merita</strong></span> <span class='ocrx_word' id='word_1_106' title='bbox 689 2753 897 2820; x_wconf 89' lang='lat' dir='ltr'><strong>seruiuierum</strong></span> <span class='ocrx_word' id='word_1_107' title='bbox 913 2774 1044 2822; x_wconf 88' lang='lat' dir='ltr'><strong>suorum</strong></span> <span class='ocrx_word' id='word_1_108' title='bbox 1061 2755 1143 2842; x_wconf 87' lang='lat' dir='ltr'><strong>ipsis</strong></span> <span class='ocrx_word' id='word_1_109' title='bbox 1160 2756 1271 2826; x_wconf 84' lang='lat' dir='ltr'><strong>duteuu</strong></span> 
     </span>
    </p>
   </div>
   <div class='ocr_carea' id='block_1_6' title="bbox 1 2859 1270 3050">
    <p class='ocr_par' dir='ltr' id='par_1_6' title="bbox 1 2859 1270 3050">
     <span class='ocr_line' id='line_1_15' title="bbox 4 2859 1269 2946; baseline 0.005 -21"><span class='ocrx_word' id='word_1_110' title='bbox 4 2891 10 2902; x_wconf 84' lang='lat'><strong>·</strong></span> <span class='ocrx_word' id='word_1_111' title='bbox 140 2865 175 2926; x_wconf 90' lang='lat' dir='ltr'><strong>et</strong></span> <span class='ocrx_word' id='word_1_112' title='bbox 191 2859 356 2945; x_wconf 81' lang='lat' dir='ltr'><strong>eullstam,</strong></span> <span class='ocrx_word' id='word_1_113' title='bbox 388 2859 510 2926; x_wconf 90' lang='lat' dir='ltr'><strong>eisdem</strong></span> <span class='ocrx_word' id='word_1_114' title='bbox 527 2861 716 2945; x_wconf 86' lang='lat' dir='ltr'><strong>relinquere</strong></span> <span class='ocrx_word' id='word_1_115' title='bbox 733 2865 765 2925; x_wconf 89' lang='lat' dir='ltr'><strong>et</strong></span> <span class='ocrx_word' id='word_1_116' title='bbox 782 2859 927 2927; x_wconf 80' lang='lat' dir='ltr'><strong>conferre</strong></span> <span class='ocrx_word' id='word_1_117' title='bbox 944 2859 1160 2946; x_wconf 79' lang='lat' dir='ltr'><strong>dignaremur.</strong></span> <span class='ocrx_word' id='word_1_118' title='bbox 1200 2863 1269 2932; x_wconf 88' lang='lat' dir='ltr'><strong>Nos</strong></span> 
     </span>
     <span class='ocr_line' id='line_1_16' title="bbox 1 2965 1270 3050; baseline 0.005 -20"><span class='ocrx_word' id='word_1_119' title='bbox 1 2976 3 2989; x_wconf 78' lang='grc'>’</span> <span class='ocrx_word' id='word_1_120' title='bbox 137 2967 251 3050; x_wconf 79' lang='lat' dir='ltr'><strong>ireque</strong></span> <span class='ocrx_word' id='word_1_121' title='bbox 266 2965 510 3037; x_wconf 79' lang='lat' dir='ltr'><strong>considerantes</strong></span> <span class='ocrx_word' id='word_1_122' title='bbox 527 2967 704 3036; x_wconf 83' lang='lat' dir='ltr'><strong>fidelitates</strong></span> <span class='ocrx_word' id='word_1_123' title='bbox 721 2975 753 3035; x_wconf 89' lang='lat' dir='ltr'><strong>et</strong></span> <span class='ocrx_word' id='word_1_124' title='bbox 770 2967 977 3036; x_wconf 88' lang='lat' dir='ltr'><strong>seruieierum</strong></span> <span class='ocrx_word' id='word_1_125' title='bbox 987 2968 1270 3038; x_wconf 82' lang='lat' dir='ltr'><strong>meritsdieturum</strong></span> 
     </span>
    </p>
   </div>
   <div class='ocr_carea' id='block_1_7' title="bbox 137 3071 1269 3163">
    <p class='ocr_par' dir='ltr' id='par_1_7' title="bbox 137 3071 1269 3163">
     <span class='ocr_line' id='line_1_17' title="bbox 137 3071 1269 3163; baseline 0.004 -21"><span class='ocrx_word' id='word_1_126' title='bbox 137 3071 275 3142; x_wconf 79' lang='lat' dir='ltr'><strong>Comitis</strong></span> <span class='ocrx_word' id='word_1_127' title='bbox 289 3075 447 3161; x_wconf 85' lang='lat' dir='ltr'><strong>Nyeelay,</strong></span> <span class='ocrx_word' id='word_1_128' title='bbox 462 3074 641 3161; x_wconf 76' lang='lat' dir='ltr'><strong>warbeth,</strong></span> <span class='ocrx_word' id='word_1_129' title='bbox 658 3075 811 3144; x_wconf 84' lang='lat' dir='ltr'><strong>Gerrurdi</strong></span> <span class='ocrx_word' id='word_1_130' title='bbox 828 3083 860 3142; x_wconf 90' lang='lat' dir='ltr'><strong>et</strong></span> <span class='ocrx_word' id='word_1_131' title='bbox 875 3075 1030 3163; x_wconf 82' lang='lat' dir='ltr'><strong>Seylridi,</strong></span> <span class='ocrx_word' id='word_1_132' title='bbox 1047 3097 1111 3161; x_wconf 90' lang='lat' dir='ltr'><strong>que</strong></span> <span class='ocrx_word' id='word_1_133' title='bbox 1126 3079 1219 3146; x_wconf 85' lang='lat' dir='ltr'><strong>nobis</strong></span> <span class='ocrx_word' id='word_1_134' title='bbox 1235 3080 1269 3146; x_wconf 92' lang='lat' dir='ltr'><strong>in</strong></span> 
     </span>
    </p>
   </div>
   <div class='ocr_carea' id='block_1_8' title="bbox 137 3179 1373 3270">
    <p class='ocr_par' dir='ltr' id='par_1_8' title="bbox 137 3179 1373 3270">
     <span class='ocr_line' id='line_1_18' title="bbox 137 3179 1373 3270; baseline 0.008 -25"><span class='ocrx_word' id='word_1_135' title='bbox 137 3179 280 3248; x_wconf 87' lang='lat' dir='ltr'><strong>diuersis</strong></span> <span class='ocrx_word' id='word_1_136' title='bbox 297 3181 563 3268; x_wconf 85' lang='lat' dir='ltr'><strong>expedieienibus</strong></span> <span class='ocrx_word' id='word_1_137' title='bbox 579 3183 613 3248; x_wconf 91' lang='lat' dir='ltr'><strong>in</strong></span> <span class='ocrx_word' id='word_1_138' title='bbox 629 3183 768 3251; x_wconf 86' lang='lat' dir='ltr'><strong>eenlinio</strong></span> <span class='ocrx_word' id='word_1_139' title='bbox 784 3183 888 3267; x_wconf 80' lang='lat' dir='ltr'><strong>Regni</strong></span> <span class='ocrx_word' id='word_1_140' title='bbox 904 3184 1007 3251; x_wconf 89' lang='lat' dir='ltr'><strong>nestri</strong></span> <span class='ocrx_word' id='word_1_141' title='bbox 1024 3186 1265 3270; x_wconf 75' lang='lat' dir='ltr'><strong>emergentibus</strong></span> <span class='ocrx_word' id='word_1_142' title='bbox 1369 3201 1373 3207; x_wconf 84' lang='grc'>’</span> 
     </span>
    </p>
   </div>
   <div class='ocr_carea' id='block_1_9' title="bbox 1 3287 1293 4792">
    <p class='ocr_par' dir='ltr' id='par_1_9' title="bbox 1 3287 1293 4458">
     <span class='ocr_line' id='line_1_19' title="bbox 136 3287 1265 3380; baseline 0.005 -25"><span class='ocrx_word' id='word_1_143' title='bbox 136 3292 171 3355; x_wconf 89' lang='lat' dir='ltr'><strong>et</strong></span> <span class='ocrx_word' id='word_1_144' title='bbox 185 3287 272 3356; x_wconf 78' lang='lat' dir='ltr'><strong>alias</strong></span> <span class='ocrx_word' id='word_1_145' title='bbox 287 3287 427 3356; x_wconf 89' lang='lat' dir='ltr'><strong>fideliter</strong></span> <span class='ocrx_word' id='word_1_146' title='bbox 435 3309 562 3376; x_wconf 87' lang='lat' dir='ltr'><strong>semper</strong></span> <span class='ocrx_word' id='word_1_147' title='bbox 571 3291 801 3378; x_wconf 86' lang='lat' dir='ltr'><strong>impenderunt</strong></span> <span class='ocrx_word' id='word_1_148' title='bbox 814 3315 822 3375; x_wconf 88' lang='lat'>;</span> <span class='ocrx_word' id='word_1_149' title='bbox 839 3292 977 3378; x_wconf 86' lang='lat' dir='ltr'><strong>primum</strong></span> <span class='ocrx_word' id='word_1_150' title='bbox 994 3291 1155 3379; x_wconf 80' lang='lat' dir='ltr'><strong>uidelicet,</strong></span> <span class='ocrx_word' id='word_1_151' title='bbox 1167 3316 1265 3380; x_wconf 89' lang='lat' dir='ltr'><strong>quum</strong></span> 
     </span>
     <span class='ocr_line' id='line_1_20' title="bbox 133 3394 1267 3487; baseline 0.009 -27"><span class='ocrx_word' id='word_1_152' title='bbox 133 3400 281 3481; x_wconf 88' lang='lat' dir='ltr'><strong>tempore</strong></span> <span class='ocrx_word' id='word_1_153' title='bbox 296 3394 419 3463; x_wconf 90' lang='lat' dir='ltr'><strong>domini</strong></span> <span class='ocrx_word' id='word_1_154' title='bbox 433 3397 534 3484; x_wconf 89' lang='lat' dir='ltr'><strong>Regis</strong></span> <span class='ocrx_word' id='word_1_155' title='bbox 549 3397 709 3486; x_wconf 74' lang='lat' dir='ltr'><strong>Ledinlai</strong></span> <span class='ocrx_word' id='word_1_156' title='bbox 743 3399 875 3482; x_wconf 81' lang='lat' dir='ltr'><strong>quande</strong></span> <span class='ocrx_word' id='word_1_157' title='bbox 891 3401 1032 3468; x_wconf 82' lang='lat' dir='ltr'><strong>eonfinia</strong></span> <span class='ocrx_word' id='word_1_158' title='bbox 1047 3403 1152 3487; x_wconf 82' lang='lat' dir='ltr'><strong>Regni</strong></span> <span class='ocrx_word' id='word_1_159' title='bbox 1178 3403 1267 3474; x_wconf 88' lang='lat' dir='ltr'><strong>Hun-</strong></span> 
     </span>
     <span class='ocr_line' id='line_1_21' title="bbox 131 3505 1271 3591; baseline 0.009 -21"><span class='ocrx_word' id='word_1_160' title='bbox 131 3505 228 3588; x_wconf 86' lang='lat' dir='ltr'><strong>gerie</strong></span> <span class='ocrx_word' id='word_1_161' title='bbox 246 3511 279 3571; x_wconf 88' lang='lat' dir='ltr'><strong>et</strong></span> <span class='ocrx_word' id='word_1_162' title='bbox 295 3512 404 3573; x_wconf 80' lang='lat' dir='ltr'><strong>eastre</strong></span> <span class='ocrx_word' id='word_1_163' title='bbox 428 3525 486 3591; x_wconf 90' lang='lat' dir='ltr'><strong>per</strong></span> <span class='ocrx_word' id='word_1_164' title='bbox 517 3505 678 3575; x_wconf 83' lang='lat' dir='ltr'><strong>Trusalelr</strong></span> <span class='ocrx_word' id='word_1_165' title='bbox 714 3512 747 3572; x_wconf 91' lang='lat' dir='ltr'><strong>et</strong></span> <span class='ocrx_word' id='word_1_166' title='bbox 779 3508 861 3576; x_wconf 81' lang='lat' dir='ltr'><strong>alios</strong></span> <span class='ocrx_word' id='word_1_167' title='bbox 892 3509 1111 3578; x_wconf 78' lang='lat' dir='ltr'><strong>Tbeutonieos</strong></span> <span class='ocrx_word' id='word_1_168' title='bbox 1141 3513 1271 3580; x_wconf 83' lang='lat' dir='ltr'><strong>fuerent</strong></span> 
     </span>
     <span class='ocr_line' id='line_1_22' title="bbox 131 3611 1293 3704; baseline 0.009 -24"><span class='ocrx_word' id='word_1_169' title='bbox 131 3619 305 3698; x_wconf 82' lang='lat' dir='ltr'><strong>oeeupute‚</strong></span> <span class='ocrx_word' id='word_1_170' title='bbox 337 3611 439 3698; x_wconf 90' lang='lat' dir='ltr'><strong>ijdem</strong></span> <span class='ocrx_word' id='word_1_171' title='bbox 455 3613 572 3681; x_wconf 82' lang='lat' dir='ltr'><strong>Comes</strong></span> <span class='ocrx_word' id='word_1_172' title='bbox 589 3614 745 3682; x_wconf 81' lang='lat' dir='ltr'><strong>Nicolaus</strong></span> <span class='ocrx_word' id='word_1_173' title='bbox 764 3621 795 3682; x_wconf 88' lang='lat' dir='ltr'><strong>et</strong></span> <span class='ocrx_word' id='word_1_174' title='bbox 812 3616 931 3684; x_wconf 82' lang='lat' dir='ltr'><strong>iratres</strong></span> <span class='ocrx_word' id='word_1_175' title='bbox 947 3617 997 3685; x_wconf 90' lang='lat' dir='ltr'><strong>sui</strong></span> <span class='ocrx_word' id='word_1_176' title='bbox 1028 3615 1164 3704; x_wconf 79' lang='lat' dir='ltr'><strong>predicti</strong></span> <span class='ocrx_word' id='word_1_177' title='bbox 1195 3641 1267 3690; x_wconf 90' lang='lat' dir='ltr'><strong>eum</strong></span> <span class='ocrx_word' id='word_1_178' title='bbox 1286 3697 1293 3704; x_wconf 65' lang='grc'>,</span> 
     </span>
     <span class='ocr_line' id='line_1_23' title="bbox 129 3720 1267 3820; baseline 0.011 -35"><span class='ocrx_word' id='word_1_179' title='bbox 129 3720 303 3808; x_wconf 81' lang='lat' dir='ltr'><strong>Trusaleh,</strong></span> <span class='ocrx_word' id='word_1_180' title='bbox 320 3722 375 3807; x_wconf 86' lang='lat' dir='ltr'><strong>qui</strong></span> <span class='ocrx_word' id='word_1_181' title='bbox 392 3727 469 3789; x_wconf 90' lang='lat' dir='ltr'><strong>tune</strong></span> <span class='ocrx_word' id='word_1_182' title='bbox 485 3727 626 3790; x_wconf 76' lang='lat' dir='ltr'><strong>uestrum</strong></span> <span class='ocrx_word' id='word_1_183' title='bbox 645 3723 814 3794; x_wconf 87' lang='lat' dir='ltr'><strong>Kurmend</strong></span> <span class='ocrx_word' id='word_1_184' title='bbox 831 3730 1057 3814; x_wconf 84' lang='lat' dir='ltr'><strong>eonseruubat,</strong></span> <span class='ocrx_word' id='word_1_185' title='bbox 1075 3729 1267 3820; x_wconf 79' lang='lat' dir='ltr'><strong>preliantes,</strong></span> 
     </span>
     <span class='ocr_line' id='line_1_24' title="bbox 131 3827 1268 3923; baseline 0.01 -27"><span class='ocrx_word' id='word_1_186' title='bbox 131 3847 169 3896; x_wconf 86' lang='lat' dir='ltr'><strong>se</strong></span> <span class='ocrx_word' id='word_1_187' title='bbox 185 3827 315 3896; x_wconf 84' lang='lat' dir='ltr'><strong>fortune</strong></span> <span class='ocrx_word' id='word_1_188' title='bbox 330 3829 462 3898; x_wconf 79' lang='lat' dir='ltr'><strong>ensibus</strong></span> <span class='ocrx_word' id='word_1_189' title='bbox 478 3830 710 3919; x_wconf 89' lang='lat' dir='ltr'><strong>submittendo,</strong></span> <span class='ocrx_word' id='word_1_190' title='bbox 743 3831 854 3901; x_wconf 84' lang='lat' dir='ltr'><strong>llereh</strong></span> <span class='ocrx_word' id='word_1_191' title='bbox 870 3834 970 3903; x_wconf 83' lang='lat' dir='ltr'><strong>irater</strong></span> <span class='ocrx_word' id='word_1_192' title='bbox 985 3837 1129 3923; x_wconf 86' lang='lat' dir='ltr'><strong>ipsorum</strong></span> <span class='ocrx_word' id='word_1_193' title='bbox 1160 3839 1268 3909; x_wconf 85' lang='lat' dir='ltr'><strong>extitit</strong></span> 
     </span>
     <span class='ocr_line' id='line_1_25' title="bbox 129 3938 1267 4030; baseline 0.014 -28"><span class='ocrx_word' id='word_1_194' title='bbox 129 3941 343 4022; x_wconf 89' lang='lat' dir='ltr'><strong>nteremptus.</strong></span> <span class='ocrx_word' id='word_1_195' title='bbox 368 3938 459 4004; x_wconf 88' lang='lat' dir='ltr'><strong>Item</strong></span> <span class='ocrx_word' id='word_1_196' title='bbox 477 3959 550 4007; x_wconf 91' lang='lat' dir='ltr'><strong>eum</strong></span> <span class='ocrx_word' id='word_1_197' title='bbox 567 3938 689 4008; x_wconf 89' lang='lat' dir='ltr'><strong>Diuino</strong></span> <span class='ocrx_word' id='word_1_198' title='bbox 706 3959 842 4008; x_wconf 82' lang='lat' dir='ltr'><strong>munere</strong></span> <span class='ocrx_word' id='word_1_199' title='bbox 867 3943 901 4009; x_wconf 89' lang='lat' dir='ltr'><strong>in</strong></span> <span class='ocrx_word' id='word_1_200' title='bbox 931 3944 1038 4029; x_wconf 84' lang='lat' dir='ltr'><strong>Regni</strong></span> <span class='ocrx_word' id='word_1_201' title='bbox 1069 3944 1267 4030; x_wconf 76' lang='lat' dir='ltr'><strong>gubernacu-</strong></span> 
     </span>
     <span class='ocr_line' id='line_1_26' title="bbox 128 4043 1266 4140; baseline 0.012 -30"><span class='ocrx_word' id='word_1_202' title='bbox 128 4044 199 4110; x_wconf 89' lang='lat' dir='ltr'><strong>lum</strong></span> <span class='ocrx_word' id='word_1_203' title='bbox 217 4051 248 4110; x_wconf 91' lang='lat' dir='ltr'><strong>et</strong></span> <span class='ocrx_word' id='word_1_204' title='bbox 264 4043 380 4112; x_wconf 91' lang='lat' dir='ltr'><strong>solium</strong></span> <span class='ocrx_word' id='word_1_205' title='bbox 396 4047 667 4116; x_wconf 85' lang='lat' dir='ltr'><strong>sueeessissemus</strong></span> <span class='ocrx_word' id='word_1_206' title='bbox 684 4049 759 4117; x_wconf 89' lang='lat' dir='ltr'><strong>iure</strong></span> <span class='ocrx_word' id='word_1_207' title='bbox 776 4057 808 4116; x_wconf 92' lang='lat' dir='ltr'><strong>et</strong></span> <span class='ocrx_word' id='word_1_208' title='bbox 825 4049 939 4119; x_wconf 83' lang='lat' dir='ltr'><strong>ordine</strong></span> <span class='ocrx_word' id='word_1_209' title='bbox 969 4052 1127 4137; x_wconf 85' lang='lat' dir='ltr'><strong>geniture,</strong></span> <span class='ocrx_word' id='word_1_210' title='bbox 1160 4055 1266 4140; x_wconf 90' lang='lat' dir='ltr'><strong>predi-</strong></span> 
     </span>
     <span class='ocr_line' id='line_1_27' title="bbox 125 4149 1265 4233; baseline 0.011 -14"><span class='ocrx_word' id='word_1_211' title='bbox 125 4157 200 4219; x_wconf 87' lang='lat' dir='ltr'><strong>etus</strong></span> <span class='ocrx_word' id='word_1_212' title='bbox 224 4149 404 4220; x_wconf 85' lang='lat' dir='ltr'><strong>Werbareh</strong></span> <span class='ocrx_word' id='word_1_213' title='bbox 435 4161 547 4222; x_wconf 83' lang='lat' dir='ltr'><strong>eontra</strong></span> <span class='ocrx_word' id='word_1_214' title='bbox 579 4154 742 4225; x_wconf 87' lang='lat' dir='ltr'><strong>insultum</strong></span> <span class='ocrx_word' id='word_1_215' title='bbox 775 4157 1050 4228; x_wconf 78' lang='lat' dir='ltr'><strong>Teotbenieorum</strong></span> <span class='ocrx_word' id='word_1_216' title='bbox 1081 4161 1265 4233; x_wconf 84' lang='lat' dir='ltr'><strong>voleneium</strong></span> 
     </span>
     <span class='ocr_line' id='line_1_28' title="bbox 1 4260 1265 4359; baseline 0.013 -33"><span class='ocrx_word' id='word_1_217' title='bbox 1 4293 2 4296; x_wconf 35' lang='lat'>¹</span> <span class='ocrx_word' id='word_1_218' title='bbox 118 4260 280 4329; x_wconf 79' lang='lat' dir='ltr'><strong>inuadere</strong></span> <span class='ocrx_word' id='word_1_219' title='bbox 295 4261 435 4330; x_wconf 79' lang='lat' dir='ltr'><strong>sentinis</strong></span> <span class='ocrx_word' id='word_1_220' title='bbox 451 4265 557 4350; x_wconf 84' lang='lat' dir='ltr'><strong>Regni</strong></span> <span class='ocrx_word' id='word_1_221' title='bbox 573 4266 691 4350; x_wconf 86' lang='lat' dir='ltr'><strong>nestri,</strong></span> <span class='ocrx_word' id='word_1_222' title='bbox 721 4265 781 4333; x_wconf 89' lang='lat' dir='ltr'><strong>sub</strong></span> <span class='ocrx_word' id='word_1_223' title='bbox 797 4275 905 4336; x_wconf 88' lang='lat' dir='ltr'><strong>eastre</strong></span> <span class='ocrx_word' id='word_1_224' title='bbox 920 4267 1078 4338; x_wconf 80' lang='lat' dir='ltr'><strong>Ruhaneh</strong></span> <span class='ocrx_word' id='word_1_225' title='bbox 1094 4289 1166 4338; x_wconf 86' lang='lat' dir='ltr'><strong>eum</strong></span> <span class='ocrx_word' id='word_1_226' title='bbox 1182 4272 1265 4359; x_wconf 86' lang='lat' dir='ltr'><strong>ipsis</strong></span> 
     </span>
     <span class='ocr_line' id='line_1_29' title="bbox 102 4367 1263 4458; baseline 0.013 -24"><span class='ocrx_word' id='word_1_227' title='bbox 102 4367 339 4448; x_wconf 51' lang='lat' dir='ltr'><strong>‚Teuthenieis</strong></span> <span class='ocrx_word' id='word_1_228' title='bbox 355 4373 534 4458; x_wconf 77' lang='lat' dir='ltr'><strong>pugnando</strong></span> <span class='ocrx_word' id='word_1_229' title='bbox 553 4379 684 4442; x_wconf 87' lang='lat' dir='ltr'><strong>strenue</strong></span> <span class='ocrx_word' id='word_1_230' title='bbox 701 4375 811 4443; x_wconf 79' lang='lat' dir='ltr'><strong>extitit</strong></span> <span class='ocrx_word' id='word_1_231' title='bbox 827 4379 971 4445; x_wconf 86' lang='lat' dir='ltr'><strong>letaliter</strong></span> <span class='ocrx_word' id='word_1_232' title='bbox 981 4381 1179 4450; x_wconf 80' lang='lat' dir='ltr'><strong>uulneratus.</strong></span> <span class='ocrx_word' id='word_1_233' title='bbox 1196 4381 1263 4450; x_wconf 88' lang='lat' dir='ltr'><strong>Sub</strong></span> 
     </span>
    </p>

    <p class='ocr_par' dir='ltr' id='par_1_10' title="bbox 91 4475 1261 4676">
     <span class='ocr_line' id='line_1_30' title="bbox 126 4475 1261 4575; baseline 0.014 -33"><span class='ocrx_word' id='word_1_234' title='bbox 126 4483 236 4542; x_wconf 74' lang='lat' dir='ltr'><strong>nestro</strong></span> <span class='ocrx_word' id='word_1_235' title='bbox 253 4475 357 4543; x_wconf 79' lang='lat' dir='ltr'><strong>seium</strong></span> <span class='ocrx_word' id='word_1_236' title='bbox 374 4479 487 4548; x_wconf 83' lang='lat' dir='ltr'><strong>Saneti</strong></span> <span class='ocrx_word' id='word_1_237' title='bbox 503 4480 673 4550; x_wconf 80' lang='lat' dir='ltr'><strong>lliehaelis</strong></span> <span class='ocrx_word' id='word_1_238' title='bbox 690 4482 797 4552; x_wconf 88' lang='lat' dir='ltr'><strong>dietus</strong></span> <span class='ocrx_word' id='word_1_239' title='bbox 814 4485 929 4554; x_wconf 77' lang='lat' dir='ltr'><strong>Comes</strong></span> <span class='ocrx_word' id='word_1_240' title='bbox 946 4486 1101 4555; x_wconf 87' lang='lat' dir='ltr'><strong>Nieoluus</strong></span> <span class='ocrx_word' id='word_1_241' title='bbox 1117 4489 1261 4575; x_wconf 76' lang='lat' dir='ltr'><strong>profitie-</strong></span> 
     </span>
     <span class='ocr_line' id='line_1_31' title="bbox 91 4583 1261 4676; baseline 0.015 -29"><span class='ocrx_word' id='word_1_242' title='bbox 91 4639 95 4647; x_wconf 91' lang='grc'><em>,</em></span> <span class='ocrx_word' id='word_1_243' title='bbox 125 4583 223 4651; x_wconf 88' lang='lat' dir='ltr'><strong>litute</strong></span> <span class='ocrx_word' id='word_1_244' title='bbox 240 4585 336 4652; x_wconf 87' lang='lat' dir='ltr'><strong>nubis</strong></span> <span class='ocrx_word' id='word_1_245' title='bbox 354 4584 474 4676; x_wconf 84' lang='lat' dir='ltr'><strong>debite,</strong></span> <span class='ocrx_word' id='word_1_246' title='bbox 492 4589 613 4658; x_wconf 80' lang='lat' dir='ltr'><strong>baliste</strong></span> <span class='ocrx_word' id='word_1_247' title='bbox 628 4589 733 4660; x_wconf 84' lang='lat' dir='ltr'><strong>iueule</strong></span> <span class='ocrx_word' id='word_1_248' title='bbox 749 4595 857 4660; x_wconf 85' lang='lat' dir='ltr'><strong>extitit</strong></span> <span class='ocrx_word' id='word_1_249' title='bbox 874 4595 1050 4664; x_wconf 80' lang='lat' dir='ltr'><strong>sarreiutus.</strong></span> <span class='ocrx_word' id='word_1_250' title='bbox 1082 4597 1261 4665; x_wconf 86' lang='lat' dir='ltr'><strong>Attenden·</strong></span> 
     </span>
    </p>

    <p class='ocr_par' dir='ltr' id='par_1_11' title="bbox 125 4694 1261 4792">
     <span class='ocr_line' id='line_1_32' title="bbox 125 4694 1261 4792; baseline 0.015 -35"><span class='ocrx_word' id='word_1_251' title='bbox 125 4697 177 4760; x_wconf 89' lang='lat' dir='ltr'><strong>tes</strong></span> <span class='ocrx_word' id='word_1_252' title='bbox 194 4694 297 4761; x_wconf 87' lang='lat' dir='ltr'><strong>eeium</strong></span> <span class='ocrx_word' id='word_1_253' title='bbox 314 4695 457 4766; x_wconf 86' lang='lat' dir='ltr'><strong>seminia</strong></span> <span class='ocrx_word' id='word_1_254' title='bbox 483 4717 591 4767; x_wconf 91' lang='lat' dir='ltr'><strong>eorum</strong></span> <span class='ocrx_word' id='word_1_255' title='bbox 623 4697 656 4767; x_wconf 93' lang='lat' dir='ltr'><strong>in</strong></span> <span class='ocrx_word' id='word_1_256' title='bbox 688 4702 830 4772; x_wconf 78' lang='lat' dir='ltr'><strong>exercitu</strong></span> <span class='ocrx_word' id='word_1_257' title='bbox 862 4710 986 4790; x_wconf 88' lang='lat' dir='ltr'><strong>nostro,</strong></span> <span class='ocrx_word' id='word_1_258' title='bbox 1019 4723 1114 4792; x_wconf 84' lang='lat' dir='ltr'><strong>quem</strong></span> <span class='ocrx_word' id='word_1_259' title='bbox 1146 4711 1261 4775; x_wconf 82' lang='lat' dir='ltr'><strong>eontra</strong></span> 
     </span>
    </p>
   </div>
   <div class='ocr_carea' id='block_1_10' title="bbox 0 0 1576 5198">
    <p class='ocr_par' dir='ltr' id='par_1_12' title="bbox 0 0 1576 5198">
     <span class='ocr_line' id='line_1_33' title="bbox 0 0 1576 5198; baseline 0 9"><span class='ocrx_word' id='word_1_260' title='bbox 0 0 1576 5198; x_wconf 95' lang='lat' dir='ltr'><strong> </strong></span> 
     </span>
    </p>
   </div>
  </div>
 </body>
</html>
