<?xml version="1.0" encoding="UTF-8"?>
<!DOCTYPE html PUBLIC "-//W3C//DTD XHTML 1.0 Transitional//EN"
    "http://www.w3.org/TR/xhtml1/DTD/xhtml1-transitional.dtd">
<html xmlns="http://www.w3.org/1999/xhtml" xml:lang="en" lang="en">
 <head>
  <title>
</title>
<meta http-equiv="Content-Type" content="text/html;charset=utf-8" />
  <meta name='ocr-system' content='tesseract 3.04.00' />
  <meta name='ocr-capabilities' content='ocr_page ocr_carea ocr_par ocr_line ocrx_word'/>
</head>
<body>
  <div class='ocr_page' id='page_1' title='image "./codexdiplomatic00wenzgoog_0125.png"; bbox 0 0 3190 5190; ppageno 0'>
   <div class='ocr_carea' id='block_1_1' title="bbox 37 1005 1243 1233">
    <p class='ocr_par' dir='ltr' id='par_1_1' title="bbox 37 1005 1243 1233">
     <span class='ocr_line' id='line_1_1' title="bbox 37 1005 1243 1126; baseline -0.002 -20"><span class='ocrx_word' id='word_1_1' title='bbox 37 1005 39 1106; x_wconf 63' lang='lat' dir='ltr'>ss</span> <span class='ocrx_word' id='word_1_2' title='bbox 128 1039 185 1105; x_wconf 86' lang='lat' dir='ltr'><strong>IV.</strong></span> <span class='ocrx_word' id='word_1_3' title='bbox 198 1039 310 1106; x_wconf 74' lang='lat' dir='ltr'><strong>Ldrsld</strong></span> <span class='ocrx_word' id='word_1_4' title='bbox 324 1038 502 1124; x_wconf 75' lang='lat' dir='ltr'><strong>kirotyeak</strong></span> <span class='ocrx_word' id='word_1_5' title='bbox 517 1037 646 1106; x_wconf 80' lang='lat' dir='ltr'><strong>Kulked</strong></span> <span class='ocrx_word' id='word_1_6' title='bbox 677 1039 833 1125; x_wconf 73' lang='lat' dir='ltr'><strong>helpstqet</strong></span> <span class='ocrx_word' id='word_1_7' title='bbox 862 1039 1024 1124; x_wconf 74' lang='lat' dir='ltr'><strong>tdrpyozd</strong></span> <span class='ocrx_word' id='word_1_8' title='bbox 1054 1037 1243 1126; x_wconf 77' lang='lat' dir='ltr'><strong>adcmdnye</strong></span> 
     </span>
     <span class='ocr_line' id='line_1_2' title="bbox 37 1143 1008 1233; baseline -0.002 -24"><span class='ocrx_word' id='word_1_9' title='bbox 37 1157 39 1162; x_wconf 83' lang='grc'>’</span> <span class='ocrx_word' id='word_1_10' title='bbox 347 1145 452 1233; x_wconf 74' lang='lat' dir='ltr'><strong>Treplc</strong></span> <span class='ocrx_word' id='word_1_11' title='bbox 467 1145 643 1212; x_wconf 76' lang='lat' dir='ltr'><strong>Jonoaoak</strong></span> <span class='ocrx_word' id='word_1_12' title='bbox 653 1143 708 1228; x_wconf 84' lang='lat' dir='ltr'><strong>fio</strong></span> <span class='ocrx_word' id='word_1_13' title='bbox 723 1148 888 1212; x_wconf 72' lang='lat' dir='ltr'><strong>azomm.</strong></span> <span class='ocrx_word' id='word_1_14' title='bbox 909 1143 1008 1211; x_wconf 80' lang='lat'><strong><em>1273.</em></strong></span> 
     </span>
    </p>
   </div>
   <div class='ocr_carea' id='block_1_2' title="bbox 37 1337 1249 1534">
    <p class='ocr_par' dir='ltr' id='par_1_2' title="bbox 37 1337 1249 1534">
     <span class='ocr_line' id='line_1_3' title="bbox 37 1337 1249 1432; baseline 0.005 -28"><span class='ocrx_word' id='word_1_15' title='bbox 37 1397 39 1432; x_wconf 60' lang='lat' dir='ltr'><strong>r</strong></span> <span class='ocrx_word' id='word_1_16' title='bbox 222 1339 288 1407; x_wconf 88' lang='lat' dir='ltr'><strong>Nos</strong></span> <span class='ocrx_word' id='word_1_17' title='bbox 322 1337 428 1407; x_wconf 82' lang='lat' dir='ltr'><strong>hieria</strong></span> <span class='ocrx_word' id='word_1_18' title='bbox 457 1338 520 1408; x_wconf 88' lang='lat' dir='ltr'><strong>Dei</strong></span> <span class='ocrx_word' id='word_1_19' title='bbox 550 1337 665 1425; x_wconf 88' lang='lat' dir='ltr'><strong>gracia</strong></span> <span class='ocrx_word' id='word_1_20' title='bbox 694 1337 823 1425; x_wconf 87' lang='lat' dir='ltr'><strong>Regina</strong></span> <span class='ocrx_word' id='word_1_21' title='bbox 851 1337 1030 1426; x_wconf 82' lang='lat' dir='ltr'><strong>Hnngerie,</strong></span> <span class='ocrx_word' id='word_1_22' title='bbox 1060 1339 1249 1428; x_wconf 87' lang='lat' dir='ltr'><strong>Dalmacie,</strong></span> 
     </span>
     <span class='ocr_line' id='line_1_4' title="bbox 129 1446 1242 1534; baseline 0.001 -20"><span class='ocrx_word' id='word_1_23' title='bbox 129 1447 247 1514; x_wconf 74' lang='lat' dir='ltr'><strong>Oroatis</strong></span> <span class='ocrx_word' id='word_1_24' title='bbox 263 1453 323 1516; x_wconf 90' lang='lat' dir='ltr'><strong>eto.</strong></span> <span class='ocrx_word' id='word_1_25' title='bbox 343 1447 607 1516; x_wconf 75' lang='lat' dir='ltr'><strong>commendantes</strong></span> <span class='ocrx_word' id='word_1_26' title='bbox 638 1453 751 1515; x_wconf 89' lang='lat' dir='ltr'><strong>tenore</strong></span> <span class='ocrx_word' id='word_1_27' title='bbox 782 1446 987 1533; x_wconf 86' lang='lat' dir='ltr'><strong>presencium</strong></span> <span class='ocrx_word' id='word_1_28' title='bbox 1018 1447 1242 1534; x_wconf 85' lang='lat' dir='ltr'><strong>significamus</strong></span> 
     </span>
    </p>
   </div>
   <div class='ocr_carea' id='block_1_3' title="bbox 37 1553 1250 4558">
    <p class='ocr_par' dir='ltr' id='par_1_3' title="bbox 37 1551 1250 2393">
     <span class='ocr_line' id='line_1_5' title="bbox 129 1553 1245 1641; baseline 0 -19"><span class='ocrx_word' id='word_1_29' title='bbox 129 1553 232 1638; x_wconf 83' lang='lat' dir='ltr'><strong>quihus</strong></span> <span class='ocrx_word' id='word_1_30' title='bbox 246 1553 381 1640; x_wconf 89' lang='lat' dir='ltr'><strong>expedit</strong></span> <span class='ocrx_word' id='word_1_31' title='bbox 396 1553 567 1641; x_wconf 83' lang='lat' dir='ltr'><strong>vninersis‚</strong></span> <span class='ocrx_word' id='word_1_32' title='bbox 600 1553 786 1638; x_wconf 84' lang='lat' dir='ltr'><strong>quodcum</strong></span> <span class='ocrx_word' id='word_1_33' title='bbox 819 1553 1053 1622; x_wconf 89' lang='lat' dir='ltr'><strong>Serenissimns</strong></span> <span class='ocrx_word' id='word_1_34' title='bbox 1083 1553 1245 1640; x_wconf 78' lang='lat' dir='ltr'><strong>Princeps</strong></span> 
     </span>
     <span class='ocr_line' id='line_1_6' title="bbox 37 1659 1245 1747; baseline 0.003 -23"><span class='ocrx_word' id='word_1_35' title='bbox 37 1669 39 1724; x_wconf 74' lang='grc' dir='ltr'>ζ</span> <span class='ocrx_word' id='word_1_36' title='bbox 127 1661 265 1730; x_wconf 91' lang='lat' dir='ltr'><strong>dominns</strong></span> <span class='ocrx_word' id='word_1_37' title='bbox 289 1660 477 1729; x_wconf 88' lang='lat' dir='ltr'><strong>Lodonicns</strong></span> <span class='ocrx_word' id='word_1_38' title='bbox 501 1660 631 1747; x_wconf 83' lang='lat' dir='ltr'><strong>pridem</strong></span> <span class='ocrx_word' id='word_1_39' title='bbox 661 1659 804 1730; x_wconf 79' lang='lat' dir='ltr'><strong>Illustris</strong></span> <span class='ocrx_word' id='word_1_40' title='bbox 835 1662 905 1730; x_wconf 87' lang='lat' dir='ltr'><strong>Rex</strong></span> <span class='ocrx_word' id='word_1_41' title='bbox 936 1660 1106 1746; x_wconf 86' lang='lat' dir='ltr'><strong>Hnngarie</strong></span> <span class='ocrx_word' id='word_1_42' title='bbox 1136 1659 1245 1730; x_wconf 81' lang='lat' dir='ltr'><strong>felicis</strong></span> 
     </span>
     <span class='ocr_line' id='line_1_7' title="bbox 38 1755 1248 1856; baseline 0 -22"><span class='ocrx_word' id='word_1_43' title='bbox 38 1755 39 1758; x_wconf 56' lang='grc'>’</span> <span class='ocrx_word' id='word_1_44' title='bbox 129 1766 357 1838; x_wconf 88' lang='lat' dir='ltr'><strong>recordacionis</strong></span> <span class='ocrx_word' id='word_1_45' title='bbox 373 1789 458 1856; x_wconf 82' lang='lat' dir='ltr'><strong>pyns</strong></span> <span class='ocrx_word' id='word_1_46' title='bbox 474 1769 602 1854; x_wconf 88' lang='lat' dir='ltr'><strong>genitor</strong></span> <span class='ocrx_word' id='word_1_47' title='bbox 618 1775 729 1836; x_wconf 89' lang='lat' dir='ltr'><strong>noster</strong></span> <span class='ocrx_word' id='word_1_48' title='bbox 754 1769 928 1837; x_wconf 80' lang='lat' dir='ltr'><strong>vninersas</strong></span> <span class='ocrx_word' id='word_1_49' title='bbox 958 1769 1181 1854; x_wconf 86' lang='lat' dir='ltr'><strong>possessiones</strong></span> <span class='ocrx_word' id='word_1_50' title='bbox 1213 1774 1248 1834; x_wconf 91' lang='lat' dir='ltr'><strong>et</strong></span> 
     </span>
     <span class='ocr_line' id='line_1_8' title="bbox 37 1873 1250 1961; baseline -0.002 -18"><span class='ocrx_word' id='word_1_51' title='bbox 37 1957 38 1960; x_wconf 8' lang='grc' dir='ltr'><strong>Ἴ</strong></span> <span class='ocrx_word' id='word_1_52' title='bbox 126 1876 394 1958; x_wconf 88' lang='lat' dir='ltr'><strong>possessionarias</strong></span> <span class='ocrx_word' id='word_1_53' title='bbox 424 1874 596 1960; x_wconf 88' lang='lat' dir='ltr'><strong>porciones</strong></span> <span class='ocrx_word' id='word_1_54' title='bbox 626 1873 764 1942; x_wconf 87' lang='lat' dir='ltr'><strong>condam</strong></span> <span class='ocrx_word' id='word_1_55' title='bbox 796 1873 957 1961; x_wconf 74' lang='lat' dir='ltr'><strong>Stephani</strong></span> <span class='ocrx_word' id='word_1_56' title='bbox 981 1875 1060 1942; x_wconf 89' lang='lat' dir='ltr'><strong>dicti</strong></span> <span class='ocrx_word' id='word_1_57' title='bbox 1085 1911 1130 1924; x_wconf 92' lang='lat'><em>-</em></span> <span class='ocrx_word' id='word_1_58' title='bbox 1145 1911 1250 1926; x_wconf 89' lang='lat'><strong>--</strong></span> 
     </span>
     <span class='ocr_line' id='line_1_9' title="bbox 37 1980 1243 2068; baseline 0.005 -21"><span class='ocrx_word' id='word_1_59' title='bbox 37 1991 38 1998; x_wconf 77' lang='grc'>’</span> <span class='ocrx_word' id='word_1_60' title='bbox 126 2003 160 2048; x_wconf 90' lang='lat' dir='ltr'><strong>co</strong></span> <span class='ocrx_word' id='word_1_61' title='bbox 174 1983 254 2067; x_wconf 89' lang='lat' dir='ltr'><strong>qnod</strong></span> <span class='ocrx_word' id='word_1_62' title='bbox 269 1983 408 2051; x_wconf 85' lang='lat' dir='ltr'><strong>orbatus</strong></span> <span class='ocrx_word' id='word_1_63' title='bbox 424 1981 592 2066; x_wconf 75' lang='lat' dir='ltr'><strong>veriusque</strong></span> <span class='ocrx_word' id='word_1_64' title='bbox 608 2001 707 2050; x_wconf 89' lang='lat' dir='ltr'><strong>sexus</strong></span> <span class='ocrx_word' id='word_1_65' title='bbox 722 1982 816 2068; x_wconf 88' lang='lat' dir='ltr'><strong>prole</strong></span> <span class='ocrx_word' id='word_1_66' title='bbox 831 1985 876 2052; x_wconf 92' lang='lat' dir='ltr'><strong>ab</strong></span> <span class='ocrx_word' id='word_1_67' title='bbox 900 1980 963 2050; x_wconf 91' lang='lat' dir='ltr'><strong>hac</strong></span> <span class='ocrx_word' id='word_1_68' title='bbox 985 1982 1058 2050; x_wconf 89' lang='lat' dir='ltr'><strong>lnce</strong></span> <span class='ocrx_word' id='word_1_69' title='bbox 1088 1981 1243 2053; x_wconf 78' lang='lat' dir='ltr'><strong>decessus</strong></span> 
     </span>
     <span class='ocr_line' id='line_1_10' title="bbox 37 2083 1248 2178; baseline 0.006 -24"><span class='ocrx_word' id='word_1_70' title='bbox 37 2083 39 2146; x_wconf 73' lang='lat' dir='ltr'><strong>i</strong></span> <span class='ocrx_word' id='word_1_71' title='bbox 125 2090 298 2178; x_wconf 87' lang='lat' dir='ltr'><strong>potabatur,</strong></span> <span class='ocrx_word' id='word_1_72' title='bbox 341 2089 509 2175; x_wconf 83' lang='lat' dir='ltr'><strong>Magistris</strong></span> <span class='ocrx_word' id='word_1_73' title='bbox 542 2089 685 2175; x_wconf 81' lang='lat' dir='ltr'><strong>Georgio</strong></span> <span class='ocrx_word' id='word_1_74' title='bbox 717 2089 835 2158; x_wconf 74' lang='lat' dir='ltr'><strong>comiti</strong></span> <span class='ocrx_word' id='word_1_75' title='bbox 867 2089 909 2159; x_wconf 93' lang='lat' dir='ltr'><strong>de</strong></span> <span class='ocrx_word' id='word_1_76' title='bbox 939 2087 1075 2176; x_wconf 88' lang='lat' dir='ltr'><strong>Beregh‚</strong></span> <span class='ocrx_word' id='word_1_77' title='bbox 1116 2089 1248 2162; x_wconf 78' lang='lat' dir='ltr'><strong>Andree</strong></span> 
     </span>
     <span class='ocr_line' id='line_1_11' title="bbox 37 2199 1248 2287; baseline 0.002 -21"><span class='ocrx_word' id='word_1_78' title='bbox 37 2247 39 2280; x_wconf 73' lang='grc'>,</span> <span class='ocrx_word' id='word_1_79' title='bbox 125 2201 311 2268; x_wconf 77' lang='lat' dir='ltr'><strong>Tesanrario</strong></span> <span class='ocrx_word' id='word_1_80' title='bbox 328 2209 454 2286; x_wconf 58' lang='lat' dir='ltr'><strong>nostro*</strong></span> <span class='ocrx_word' id='word_1_81' title='bbox 470 2219 532 2269; x_wconf 89' lang='lat' dir='ltr'><strong>nec</strong></span> <span class='ocrx_word' id='word_1_82' title='bbox 547 2219 612 2267; x_wconf 90' lang='lat' dir='ltr'><strong>nen</strong></span> <span class='ocrx_word' id='word_1_83' title='bbox 629 2199 808 2287; x_wconf 89' lang='lat' dir='ltr'><strong>Stephano,</strong></span> <span class='ocrx_word' id='word_1_84' title='bbox 825 2199 986 2287; x_wconf 82' lang='lat' dir='ltr'><strong>Dyonisio</strong></span> <span class='ocrx_word' id='word_1_85' title='bbox 1001 2208 1033 2268; x_wconf 92' lang='lat' dir='ltr'><strong>et</strong></span> <span class='ocrx_word' id='word_1_86' title='bbox 1049 2200 1157 2268; x_wconf 88' lang='lat' dir='ltr'><strong>Dauid</strong></span> <span class='ocrx_word' id='word_1_87' title='bbox 1169 2199 1248 2286; x_wconf 85' lang='lat' dir='ltr'><strong>hlijs</strong></span> 
     </span>
     <span class='ocr_line' id='line_1_12' title="bbox 37 2293 1247 2393; baseline 0.004 -21"><span class='ocrx_word' id='word_1_88' title='bbox 37 2293 38 2312; x_wconf 50' lang='lat'><em>*</em></span> <span class='ocrx_word' id='word_1_89' title='bbox 124 2307 260 2392; x_wconf 77' lang='lat' dir='ltr'><strong>Magistri</strong></span> <span class='ocrx_word' id='word_1_90' title='bbox 275 2306 388 2376; x_wconf 85' lang='lat' dir='ltr'><strong>Jakch</strong></span> <span class='ocrx_word' id='word_1_91' title='bbox 404 2307 446 2375; x_wconf 92' lang='lat' dir='ltr'><strong>de</strong></span> <span class='ocrx_word' id='word_1_92' title='bbox 461 2307 569 2376; x_wconf 86' lang='lat' dir='ltr'><strong>Kusal</strong></span> <span class='ocrx_word' id='word_1_93' title='bbox 586 2307 645 2376; x_wconf 84' lang='lat' dir='ltr'><strong>sth.</strong></span> <span class='ocrx_word' id='word_1_94' title='bbox 667 2316 824 2393; x_wconf 86' lang='lat' dir='ltr'><strong>perpetuo</strong></span> <span class='ocrx_word' id='word_1_95' title='bbox 856 2307 1065 2390; x_wconf 87' lang='lat' dir='ltr'><strong>contulisset;</strong></span> <span class='ocrx_word' id='word_1_96' title='bbox 1088 2307 1146 2377; x_wconf 92' lang='lat' dir='ltr'><strong>sed</strong></span> <span class='ocrx_word' id='word_1_97' title='bbox 1177 2314 1247 2377; x_wconf 90' lang='lat' dir='ltr'><strong>tan·</strong></span> 
     </span>
    </p>

    <p class='ocr_par' dir='ltr' id='par_1_4' title="bbox 123 2413 1249 2503">
     <span class='ocr_line' id='line_1_13' title="bbox 123 2413 1249 2503; baseline 0.004 -25"><span class='ocrx_word' id='word_1_98' title='bbox 123 2413 188 2482; x_wconf 89' lang='lat' dir='ltr'><strong>dem</strong></span> <span class='ocrx_word' id='word_1_99' title='bbox 202 2415 272 2501; x_wconf 90' lang='lat' dir='ltr'><strong>ipso</strong></span> <span class='ocrx_word' id='word_1_100' title='bbox 288 2415 436 2502; x_wconf 90' lang='lat' dir='ltr'><strong>glorioso</strong></span> <span class='ocrx_word' id='word_1_101' title='bbox 452 2415 605 2500; x_wconf 80' lang='lat' dir='ltr'><strong>Principe</strong></span> <span class='ocrx_word' id='word_1_102' title='bbox 619 2415 750 2485; x_wconf 92' lang='lat' dir='ltr'><strong>domino</strong></span> <span class='ocrx_word' id='word_1_103' title='bbox 766 2416 856 2500; x_wconf 84' lang='lat' dir='ltr'><strong>Rege</strong></span> <span class='ocrx_word' id='word_1_104' title='bbox 882 2415 1030 2503; x_wconf 90' lang='lat' dir='ltr'><strong>genitore</strong></span> <span class='ocrx_word' id='word_1_105' title='bbox 1060 2423 1172 2483; x_wconf 89' lang='lat' dir='ltr'><strong>nostro</strong></span> <span class='ocrx_word' id='word_1_106' title='bbox 1204 2416 1249 2482; x_wconf 90' lang='lat' dir='ltr'><strong>ab</strong></span> 
     </span>
    </p>

    <p class='ocr_par' dir='ltr' id='par_1_5' title="bbox 38 2521 1250 4558">
     <span class='ocr_line' id='line_1_14' title="bbox 123 2521 1248 2612; baseline 0.002 -24"><span class='ocrx_word' id='word_1_107' title='bbox 123 2523 177 2590; x_wconf 92' lang='lat' dir='ltr'><strong>hoc</strong></span> <span class='ocrx_word' id='word_1_108' title='bbox 191 2521 304 2590; x_wconf 91' lang='lat' dir='ltr'><strong>mnndi</strong></span> <span class='ocrx_word' id='word_1_109' title='bbox 320 2521 487 2608; x_wconf 88' lang='lat' dir='ltr'><strong>ergastule</strong></span> <span class='ocrx_word' id='word_1_110' title='bbox 504 2521 625 2592; x_wconf 92' lang='lat' dir='ltr'><strong>Dinino</strong></span> <span class='ocrx_word' id='word_1_111' title='bbox 642 2526 781 2591; x_wconf 85' lang='lat' dir='ltr'><strong>vocante</strong></span> <span class='ocrx_word' id='word_1_112' title='bbox 791 2523 920 2608; x_wconf 87' lang='lat' dir='ltr'><strong>jndicio</strong></span> <span class='ocrx_word' id='word_1_113' title='bbox 937 2521 1095 2591; x_wconf 89' lang='lat' dir='ltr'><strong>demedio</strong></span> <span class='ocrx_word' id='word_1_114' title='bbox 1107 2522 1248 2612; x_wconf 86' lang='lat' dir='ltr'><strong>sublato,</strong></span> 
     </span>
     <span class='ocr_line' id='line_1_15' title="bbox 38 2628 1244 2718; baseline 0.002 -22"><span class='ocrx_word' id='word_1_115' title='bbox 38 2695 39 2706; x_wconf 11' lang='lat' dir='ltr'><strong>a</strong></span> <span class='ocrx_word' id='word_1_116' title='bbox 121 2649 193 2698; x_wconf 83' lang='lat' dir='ltr'><strong>rxor</strong></span> <span class='ocrx_word' id='word_1_117' title='bbox 216 2631 324 2717; x_wconf 81' lang='lat' dir='ltr'><strong>ipsine</strong></span> <span class='ocrx_word' id='word_1_118' title='bbox 358 2628 516 2718; x_wconf 82' lang='lat' dir='ltr'><strong>Stephani</strong></span> <span class='ocrx_word' id='word_1_119' title='bbox 533 2667 573 2678; x_wconf 93' lang='lat'><em>-</em></span> <span class='ocrx_word' id='word_1_120' title='bbox 595 2669 633 2680; x_wconf 92' lang='lat'>—</span> <span class='ocrx_word' id='word_1_121' title='bbox 655 2671 692 2682; x_wconf 92' lang='lat'>-</span> <span class='ocrx_word' id='word_1_122' title='bbox 713 2668 758 2679; x_wconf 91' lang='lat'>—</span> <span class='ocrx_word' id='word_1_123' title='bbox 788 2630 956 2718; x_wconf 86' lang='lat' dir='ltr'><strong>Stephano</strong></span> <span class='ocrx_word' id='word_1_124' title='bbox 986 2631 1077 2699; x_wconf 91' lang='lat' dir='ltr'><strong>obito</strong></span> <span class='ocrx_word' id='word_1_125' title='bbox 1110 2631 1244 2715; x_wconf 87' lang='lat' dir='ltr'><strong>cognita</strong></span> 
     </span>
     <span class='ocr_line' id='line_1_16' title="bbox 38 2711 1249 2840; baseline 0.002 -36"><span class='ocrx_word' id='word_1_126' title='bbox 38 2711 40 2840; x_wconf 37' lang='lat' dir='ltr'>f</span> <span class='ocrx_word' id='word_1_127' title='bbox 122 2737 252 2822; x_wconf 83' lang='lat' dir='ltr'><strong>grauida</strong></span> <span class='ocrx_word' id='word_1_128' title='bbox 265 2737 364 2826; x_wconf 88' lang='lat' dir='ltr'><strong>prole</strong></span> <span class='ocrx_word' id='word_1_129' title='bbox 380 2757 546 2825; x_wconf 77' lang='lat' dir='ltr'><strong>pregnans</strong></span> <span class='ocrx_word' id='word_1_130' title='bbox 563 2747 695 2826; x_wconf 89' lang='lat' dir='ltr'><strong>reperta</strong></span> <span class='ocrx_word' id='word_1_131' title='bbox 722 2757 764 2805; x_wconf 89' lang='lat' dir='ltr'><strong>ex</strong></span> <span class='ocrx_word' id='word_1_132' title='bbox 794 2777 839 2788; x_wconf 91' lang='lat'>-</span> <span class='ocrx_word' id='word_1_133' title='bbox 870 2775 915 2788; x_wconf 92' lang='lat'><em>-</em></span> <span class='ocrx_word' id='word_1_134' title='bbox 947 2775 988 2788; x_wconf 91' lang='lat'><em>-</em></span> <span class='ocrx_word' id='word_1_135' title='bbox 1021 2759 1083 2824; x_wconf 88' lang='lat' dir='ltr'><strong>qne</strong></span> <span class='ocrx_word' id='word_1_136' title='bbox 1114 2738 1249 2806; x_wconf 90' lang='lat' dir='ltr'><strong>tandem</strong></span> 
     </span>
     <span class='ocr_line' id='line_1_17' title="bbox 38 2844 1248 2932; baseline 0.003 -25"><span class='ocrx_word' id='word_1_137' title='bbox 38 2845 39 2930; x_wconf 68' lang='grc' dir='ltr'>ξ</span> <span class='ocrx_word' id='word_1_138' title='bbox 121 2844 231 2913; x_wconf 82' lang='lat' dir='ltr'><strong>Dinino</strong></span> <span class='ocrx_word' id='word_1_139' title='bbox 246 2853 333 2913; x_wconf 85' lang='lat' dir='ltr'><strong>nuta</strong></span> <span class='ocrx_word' id='word_1_140' title='bbox 349 2845 598 2932; x_wconf 88' lang='lat' dir='ltr'><strong>superueniente</strong></span> <span class='ocrx_word' id='word_1_141' title='bbox 613 2846 737 2931; x_wconf 91' lang='lat' dir='ltr'><strong>prolem</strong></span> <span class='ocrx_word' id='word_1_142' title='bbox 752 2845 884 2914; x_wconf 89' lang='lat' dir='ltr'><strong>nomine</strong></span> <span class='ocrx_word' id='word_1_143' title='bbox 900 2845 1059 2914; x_wconf 86' lang='lat' dir='ltr'><strong>Briccinm</strong></span> <span class='ocrx_word' id='word_1_144' title='bbox 1076 2846 1248 2932; x_wconf 90' lang='lat' dir='ltr'><strong>genuisset</strong></span> 
     </span>
     <span class='ocr_line' id='line_1_18' title="bbox 38 2952 1249 3040; baseline 0.005 -24"><span class='ocrx_word' id='word_1_145' title='bbox 38 3011 39 3016; x_wconf 75' lang='grc'>,</span> <span class='ocrx_word' id='word_1_146' title='bbox 119 2953 341 3030; x_wconf 80' lang='lat' dir='ltr'><strong>masculinam,</strong></span> <span class='ocrx_word' id='word_1_147' title='bbox 357 2952 494 3038; x_wconf 87' lang='lat' dir='ltr'><strong>ipseque</strong></span> <span class='ocrx_word' id='word_1_148' title='bbox 508 2953 655 3022; x_wconf 88' lang='lat' dir='ltr'><strong>Briccins</strong></span> <span class='ocrx_word' id='word_1_149' title='bbox 667 2964 814 3040; x_wconf 87' lang='lat' dir='ltr'><strong>suscepto</strong></span> <span class='ocrx_word' id='word_1_150' title='bbox 824 2953 1033 3038; x_wconf 84' lang='lat' dir='ltr'><strong>baptismatis</strong></span> <span class='ocrx_word' id='word_1_151' title='bbox 1043 2959 1249 3022; x_wconf 86' lang='lat' dir='ltr'><strong>sacramente</strong></span> 
     </span>
     <span class='ocr_line' id='line_1_19' title="bbox 38 3059 1248 3148; baseline 0.005 -24"><span class='ocrx_word' id='word_1_152' title='bbox 38 3069 40 3136; x_wconf 78' lang='grc' dir='ltr'><em>ξ</em></span> <span class='ocrx_word' id='word_1_153' title='bbox 123 3059 283 3130; x_wconf 87' lang='lat' dir='ltr'><strong>citissimis</strong></span> <span class='ocrx_word' id='word_1_154' title='bbox 300 3059 419 3128; x_wconf 89' lang='lat' dir='ltr'><strong>diebus</strong></span> <span class='ocrx_word' id='word_1_155' title='bbox 450 3059 552 3126; x_wconf 83' lang='lat' dir='ltr'><strong>vitam</strong></span> <span class='ocrx_word' id='word_1_156' title='bbox 582 3062 794 3147; x_wconf 82' lang='lat' dir='ltr'><strong>temporalem</strong></span> <span class='ocrx_word' id='word_1_157' title='bbox 826 3061 1003 3148; x_wconf 87' lang='lat' dir='ltr'><strong>fininisset;</strong></span> <span class='ocrx_word' id='word_1_158' title='bbox 1028 3060 1248 3130; x_wconf 88' lang='lat' dir='ltr'><strong>Serenissima</strong></span> 
     </span>
     <span class='ocr_line' id='line_1_20' title="bbox 38 3157 1246 3255; baseline 0.004 -24"><span class='ocrx_word' id='word_1_159' title='bbox 38 3157 40 3212; x_wconf 61' lang='grc' dir='ltr'>ἱ</span> <span class='ocrx_word' id='word_1_160' title='bbox 119 3166 269 3254; x_wconf 88' lang='lat' dir='ltr'><strong>Princeps</strong></span> <span class='ocrx_word' id='word_1_161' title='bbox 285 3166 423 3234; x_wconf 88' lang='lat' dir='ltr'><strong>domina</strong></span> <span class='ocrx_word' id='word_1_162' title='bbox 438 3167 589 3251; x_wconf 75' lang='lat' dir='ltr'><strong>genetrix</strong></span> <span class='ocrx_word' id='word_1_163' title='bbox 605 3174 719 3235; x_wconf 87' lang='lat' dir='ltr'><strong>nostra</strong></span> <span class='ocrx_word' id='word_1_164' title='bbox 734 3167 914 3235; x_wconf 88' lang='lat' dir='ltr'><strong>karissima</strong></span> <span class='ocrx_word' id='word_1_165' title='bbox 936 3167 1088 3236; x_wconf 90' lang='lat' dir='ltr'><strong>similiter</strong></span> <span class='ocrx_word' id='word_1_166' title='bbox 1118 3167 1246 3255; x_wconf 86' lang='lat' dir='ltr'><strong>Regina</strong></span> 
     </span>
     <span class='ocr_line' id='line_1_21' title="bbox 38 3272 1248 3368; baseline 0.008 -32"><span class='ocrx_word' id='word_1_167' title='bbox 38 3275 40 3368; x_wconf 55' lang='lat' dir='ltr'>f</span> <span class='ocrx_word' id='word_1_168' title='bbox 119 3272 286 3359; x_wconf 86' lang='lat' dir='ltr'><strong>Hungarie</strong></span> <span class='ocrx_word' id='word_1_169' title='bbox 302 3272 439 3342; x_wconf 89' lang='lat' dir='ltr'><strong>easdem</strong></span> <span class='ocrx_word' id='word_1_170' title='bbox 455 3275 682 3359; x_wconf 89' lang='lat' dir='ltr'><strong>possessiones</strong></span> <span class='ocrx_word' id='word_1_171' title='bbox 707 3281 741 3342; x_wconf 90' lang='lat' dir='ltr'><strong>et</strong></span> <span class='ocrx_word' id='word_1_172' title='bbox 770 3276 1047 3361; x_wconf 88' lang='lat' dir='ltr'><strong>possessionarias</strong></span> <span class='ocrx_word' id='word_1_173' title='bbox 1077 3275 1248 3364; x_wconf 86' lang='lat' dir='ltr'><strong>porciones</strong></span> 
     </span>
     <span class='ocr_line' id='line_1_22' title="bbox 38 3371 1250 3468; baseline 0.004 -21"><span class='ocrx_word' id='word_1_174' title='bbox 38 3371 40 3434; x_wconf 61' lang='grc' dir='ltr'><em>ἓ</em></span> <span class='ocrx_word' id='word_1_175' title='bbox 119 3380 248 3447; x_wconf 76' lang='lat' dir='ltr'><strong>antefati</strong></span> <span class='ocrx_word' id='word_1_176' title='bbox 265 3381 414 3447; x_wconf 88' lang='lat' dir='ltr'><strong>eiusdem</strong></span> <span class='ocrx_word' id='word_1_177' title='bbox 430 3379 592 3465; x_wconf 88' lang='lat' dir='ltr'><strong>Stephani</strong></span> <span class='ocrx_word' id='word_1_178' title='bbox 607 3387 641 3449; x_wconf 89' lang='lat' dir='ltr'><strong>et</strong></span> <span class='ocrx_word' id='word_1_179' title='bbox 656 3381 726 3450; x_wconf 87' lang='lat' dir='ltr'><strong>eins</strong></span> <span class='ocrx_word' id='word_1_180' title='bbox 742 3381 802 3467; x_wconf 80' lang='lat' dir='ltr'><strong>filij</strong></span> <span class='ocrx_word' id='word_1_181' title='bbox 820 3382 884 3450; x_wconf 90' lang='lat' dir='ltr'><strong>sibi</strong></span> <span class='ocrx_word' id='word_1_182' title='bbox 909 3383 1123 3468; x_wconf 87' lang='lat' dir='ltr'><strong>succedentis,</strong></span> <span class='ocrx_word' id='word_1_183' title='bbox 1154 3383 1250 3453; x_wconf 86' lang='lat' dir='ltr'><strong>vhili·</strong></span> 
     </span>
     <span class='ocr_line' id='line_1_23' title="bbox 38 3486 1248 3562; baseline 0.008 -11"><span class='ocrx_word' id='word_1_184' title='bbox 38 3505 40 3562; x_wconf 80' lang='lat'>;</span> <span class='ocrx_word' id='word_1_185' title='bbox 117 3486 169 3554; x_wconf 87' lang='lat' dir='ltr'><strong>bet</strong></span> <span class='ocrx_word' id='word_1_186' title='bbox 181 3486 321 3555; x_wconf 89' lang='lat' dir='ltr'><strong>habitas</strong></span> <span class='ocrx_word' id='word_1_187' title='bbox 338 3494 371 3555; x_wconf 84' lang='lat' dir='ltr'><strong>et</strong></span> <span class='ocrx_word' id='word_1_188' title='bbox 388 3487 568 3555; x_wconf 84' lang='lat' dir='ltr'><strong>existentes</strong></span> <span class='ocrx_word' id='word_1_189' title='bbox 584 3486 683 3556; x_wconf 86' lang='lat' dir='ltr'><strong>relnd</strong></span> <span class='ocrx_word' id='word_1_190' title='bbox 700 3489 867 3558; x_wconf 91' lang='lat' dir='ltr'><strong>hominnm</strong></span> <span class='ocrx_word' id='word_1_191' title='bbox 882 3491 953 3558; x_wconf 90' lang='lat' dir='ltr'><strong>sine</strong></span> <span class='ocrx_word' id='word_1_192' title='bbox 984 3491 1104 3560; x_wconf 91' lang='lat' dir='ltr'><strong>herede</strong></span> <span class='ocrx_word' id='word_1_193' title='bbox 1135 3492 1248 3561; x_wconf 86' lang='lat' dir='ltr'><strong>deces-</strong></span> 
     </span>
     <span class='ocr_line' id='line_1_24' title="bbox 38 3565 1250 3684; baseline 0.007 -23"><span class='ocrx_word' id='word_1_194' title='bbox 38 3565 40 3678; x_wconf 54' lang='lat'><em>}</em></span> <span class='ocrx_word' id='word_1_195' title='bbox 119 3614 221 3661; x_wconf 86' lang='lat' dir='ltr'><strong>sorum</strong></span> <span class='ocrx_word' id='word_1_196' title='bbox 237 3594 284 3661; x_wconf 88' lang='lat' dir='ltr'><strong>ad</strong></span> <span class='ocrx_word' id='word_1_197' title='bbox 301 3613 419 3662; x_wconf 86' lang='lat' dir='ltr'><strong>manns</strong></span> <span class='ocrx_word' id='word_1_198' title='bbox 435 3599 565 3663; x_wconf 89' lang='lat' dir='ltr'><strong>nostras</strong></span> <span class='ocrx_word' id='word_1_199' title='bbox 589 3595 710 3681; x_wconf 88' lang='lat' dir='ltr'><strong>Regias</strong></span> <span class='ocrx_word' id='word_1_200' title='bbox 741 3595 913 3666; x_wconf 90' lang='lat' dir='ltr'><strong>denolntas</strong></span> <span class='ocrx_word' id='word_1_201' title='bbox 943 3597 1065 3666; x_wconf 89' lang='lat' dir='ltr'><strong>eisdem</strong></span> <span class='ocrx_word' id='word_1_202' title='bbox 1096 3599 1173 3684; x_wconf 79' lang='lat' dir='ltr'><strong>hlijs</strong></span> <span class='ocrx_word' id='word_1_203' title='bbox 1205 3601 1250 3670; x_wconf 92' lang='lat' dir='ltr'><strong>de</strong></span> 
     </span>
     <span class='ocr_line' id='line_1_25' title="bbox 117 3701 1249 3790; baseline 0.007 -21.413"><span class='ocrx_word' id='word_1_204' title='bbox 117 3721 197 3770; x_wconf 91' lang='lat' dir='ltr'><strong>nono</strong></span> <span class='ocrx_word' id='word_1_205' title='bbox 214 3709 248 3769; x_wconf 89' lang='lat' dir='ltr'><strong>et</strong></span> <span class='ocrx_word' id='word_1_206' title='bbox 266 3701 378 3770; x_wconf 92' lang='lat' dir='ltr'><strong>denno</strong></span> <span class='ocrx_word' id='word_1_207' title='bbox 393 3703 595 3790; x_wconf 89' lang='lat' dir='ltr'><strong>contulisset,</strong></span> <span class='ocrx_word' id='word_1_208' title='bbox 627 3703 790 3790; x_wconf 82' lang='lat' dir='ltr'><strong>ijdemqne</strong></span> <span class='ocrx_word' id='word_1_209' title='bbox 805 3703 864 3790; x_wconf 89' lang='lat' dir='ltr'><strong>filij</strong></span> <span class='ocrx_word' id='word_1_210' title='bbox 881 3703 1030 3790; x_wconf 80' lang='lat' dir='ltr'><strong>Magistri</strong></span> <span class='ocrx_word' id='word_1_211' title='bbox 1058 3704 1166 3773; x_wconf 88' lang='lat' dir='ltr'><strong>Jahch</strong></span> <span class='ocrx_word' id='word_1_212' title='bbox 1197 3710 1249 3777; x_wconf 86' lang='lat' dir='ltr'><strong>vsi</strong></span> 
     </span>
     <span class='ocr_line' id='line_1_26' title="bbox 38 3807 1247 3902; baseline 0.013 -31"><span class='ocrx_word' id='word_1_213' title='bbox 38 3835 40 3902; x_wconf 52' lang='grc' dir='ltr'>ξ</span> <span class='ocrx_word' id='word_1_214' title='bbox 117 3809 261 3892; x_wconf 86' lang='lat' dir='ltr'><strong>legitima</strong></span> <span class='ocrx_word' id='word_1_215' title='bbox 278 3807 386 3892; x_wconf 86' lang='lat' dir='ltr'><strong>Regni</strong></span> <span class='ocrx_word' id='word_1_216' title='bbox 402 3808 503 3877; x_wconf 89' lang='lat' dir='ltr'><strong>nostri</strong></span> <span class='ocrx_word' id='word_1_217' title='bbox 520 3809 765 3900; x_wconf 87' lang='lat' dir='ltr'><strong>consuetudine,</strong></span> <span class='ocrx_word' id='word_1_218' title='bbox 799 3812 970 3880; x_wconf 84' lang='lat' dir='ltr'><strong>vniuersas</strong></span> <span class='ocrx_word' id='word_1_219' title='bbox 986 3814 1155 3899; x_wconf 88' lang='lat' dir='ltr'><strong>porciones</strong></span> <span class='ocrx_word' id='word_1_220' title='bbox 1171 3836 1247 3902; x_wconf 89' lang='lat' dir='ltr'><strong>pos·</strong></span> 
     </span>
     <span class='ocr_line' id='line_1_27' title="bbox 39 3915 1247 4014; baseline 0.007 -30"><span class='ocrx_word' id='word_1_221' title='bbox 39 3977 40 4008; x_wconf 45' lang='lat'>3</span> <span class='ocrx_word' id='word_1_222' title='bbox 114 3915 331 3985; x_wconf 86' lang='lat' dir='ltr'><strong>sessionarias</strong></span> <span class='ocrx_word' id='word_1_223' title='bbox 363 3915 508 3984; x_wconf 87' lang='lat' dir='ltr'><strong>eiusdem</strong></span> <span class='ocrx_word' id='word_1_224' title='bbox 539 3916 711 4007; x_wconf 85' lang='lat' dir='ltr'><strong>Stephani,</strong></span> <span class='ocrx_word' id='word_1_225' title='bbox 754 3920 836 3988; x_wconf 83' lang='lat' dir='ltr'><strong>deas</strong></span> <span class='ocrx_word' id='word_1_226' title='bbox 868 3919 981 4007; x_wconf 84' lang='lat' dir='ltr'><strong>Keled‚</strong></span> <span class='ocrx_word' id='word_1_227' title='bbox 1028 3921 1247 4014; x_wconf 82' lang='lat' dir='ltr'><strong>Dentheleke‚</strong></span> 
     </span>
     <span class='ocr_line' id='line_1_28' title="bbox 39 4017 1249 4118; baseline 0.01 -30"><span class='ocrx_word' id='word_1_228' title='bbox 39 4017 61 4070; x_wconf 75' lang='lat'><strong>³·</strong></span> <span class='ocrx_word' id='word_1_229' title='bbox 117 4024 261 4111; x_wconf 67' lang='lat' dir='ltr'><strong>wycam</strong></span> <span class='ocrx_word' id='word_1_230' title='bbox 278 4020 385 4110; x_wconf 81' lang='lat' dir='ltr'><strong>Edde,</strong></span> <span class='ocrx_word' id='word_1_231' title='bbox 417 4021 511 4112; x_wconf 87' lang='lat' dir='ltr'><strong>Sard,</strong></span> <span class='ocrx_word' id='word_1_232' title='bbox 542 4025 638 4094; x_wconf 84' lang='lat' dir='ltr'><strong>htach</strong></span> <span class='ocrx_word' id='word_1_233' title='bbox 653 4034 688 4097; x_wconf 91' lang='lat' dir='ltr'><strong>et</strong></span> <span class='ocrx_word' id='word_1_234' title='bbox 704 4064 744 4076; x_wconf 89' lang='lat'><em>-</em></span> <span class='ocrx_word' id='word_1_235' title='bbox 762 4069 807 4081; x_wconf 93' lang='lat'><em>-</em></span> <span class='ocrx_word' id='word_1_236' title='bbox 821 4028 867 4118; x_wconf 84' lang='lat' dir='ltr'><strong>yh</strong></span> <span class='ocrx_word' id='word_1_237' title='bbox 881 4034 1016 4097; x_wconf 85' lang='lat' dir='ltr'><strong>vocatas</strong></span> <span class='ocrx_word' id='word_1_238' title='bbox 1048 4030 1113 4098; x_wconf 89' lang='lat' dir='ltr'><strong>sth.</strong></span> <span class='ocrx_word' id='word_1_239' title='bbox 1145 4033 1249 4103; x_wconf 86' lang='lat' dir='ltr'><strong>statui</strong></span> 
     </span>
     <span class='ocr_line' id='line_1_29' title="bbox 39 4129 1248 4225; baseline 0.017 -35"><span class='ocrx_word' id='word_1_240' title='bbox 39 4161 41 4190; x_wconf 56' lang='grc' dir='ltr'><em>ι</em></span> <span class='ocrx_word' id='word_1_241' title='bbox 117 4131 224 4200; x_wconf 80' lang='lat' dir='ltr'><strong>iacere</strong></span> <span class='ocrx_word' id='word_1_242' title='bbox 239 4130 311 4200; x_wconf 89' lang='lat' dir='ltr'><strong>sibi</strong></span> <span class='ocrx_word' id='word_1_243' title='bbox 326 4129 509 4200; x_wconf 86' lang='lat' dir='ltr'><strong>volnissent</strong></span> <span class='ocrx_word' id='word_1_244' title='bbox 524 4134 587 4201; x_wconf 84' lang='lat' dir='ltr'><strong>eth.</strong></span> <span class='ocrx_word' id='word_1_245' title='bbox 611 4133 727 4203; x_wconf 86' lang='lat' dir='ltr'><strong>Petrus</strong></span> <span class='ocrx_word' id='word_1_246' title='bbox 759 4136 801 4205; x_wconf 92' lang='lat' dir='ltr'><strong>de</strong></span> <span class='ocrx_word' id='word_1_247' title='bbox 831 4137 926 4225; x_wconf 82' lang='lat' dir='ltr'><strong>Bym,</strong></span> <span class='ocrx_word' id='word_1_248' title='bbox 956 4135 1086 4205; x_wconf 89' lang='lat' dir='ltr'><strong>nobiles</strong></span> <span class='ocrx_word' id='word_1_249' title='bbox 1118 4136 1248 4211; x_wconf 90' lang='lat' dir='ltr'><strong>domine</strong></span> 
     </span>
     <span class='ocr_line' id='line_1_30' title="bbox 39 4211 1250 4334; baseline 0.016 -31"><span class='ocrx_word' id='word_1_250' title='bbox 39 4211 41 4288; x_wconf 69' lang='lat' dir='ltr'><strong>i</strong></span> <span class='ocrx_word' id='word_1_251' title='bbox 115 4239 226 4307; x_wconf 86' lang='lat' dir='ltr'><strong>relicte</strong></span> <span class='ocrx_word' id='word_1_252' title='bbox 243 4237 410 4309; x_wconf 80' lang='lat' dir='ltr'><strong>Johannis</strong></span> <span class='ocrx_word' id='word_1_253' title='bbox 425 4238 503 4308; x_wconf 90' lang='lat' dir='ltr'><strong>dicti</strong></span> <span class='ocrx_word' id='word_1_254' title='bbox 518 4241 614 4329; x_wconf 87' lang='lat' dir='ltr'><strong>otah,</strong></span> <span class='ocrx_word' id='word_1_255' title='bbox 641 4249 674 4312; x_wconf 92' lang='lat' dir='ltr'><strong>et</strong></span> <span class='ocrx_word' id='word_1_256' title='bbox 689 4245 777 4313; x_wconf 77' lang='lat' dir='ltr'><strong>Petri</strong></span> <span class='ocrx_word' id='word_1_257' title='bbox 791 4244 852 4332; x_wconf 87' lang='lat' dir='ltr'><strong>filij</strong></span> <span class='ocrx_word' id='word_1_258' title='bbox 869 4244 1003 4333; x_wconf 73' lang='lat' dir='ltr'><strong>Rhome,</strong></span> <span class='ocrx_word' id='word_1_259' title='bbox 1028 4265 1068 4314; x_wconf 85' lang='lat' dir='ltr'><strong>ac</strong></span> <span class='ocrx_word' id='word_1_260' title='bbox 1084 4245 1250 4334; x_wconf 89' lang='lat' dir='ltr'><strong>Stephani</strong></span> 
     </span>
     <span class='ocr_line' id='line_1_31' title="bbox 39 4343 1248 4445; baseline 0.016 -35"><span class='ocrx_word' id='word_1_261' title='bbox 39 4343 41 4386; x_wconf 54' lang='grc' dir='ltr'><strong>ἓ</strong></span> <span class='ocrx_word' id='word_1_262' title='bbox 118 4346 192 4414; x_wconf 91' lang='lat' dir='ltr'><strong>dieti</strong></span> <span class='ocrx_word' id='word_1_263' title='bbox 205 4347 339 4414; x_wconf 83' lang='lat' dir='ltr'><strong>hiesser</strong></span> <span class='ocrx_word' id='word_1_264' title='bbox 355 4345 626 4417; x_wconf 85' lang='lat' dir='ltr'><strong>contradixissent</strong></span> <span class='ocrx_word' id='word_1_265' title='bbox 640 4351 702 4420; x_wconf 90' lang='lat' dir='ltr'><strong>eth.</strong></span> <span class='ocrx_word' id='word_1_266' title='bbox 718 4351 750 4438; x_wconf 94' lang='lat' dir='ltr'><strong>(s</strong></span> <span class='ocrx_word' id='word_1_267' title='bbox 765 4371 805 4419; x_wconf 86' lang='lat' dir='ltr'><strong>aa</strong></span> <span class='ocrx_word' id='word_1_268' title='bbox 821 4352 918 4420; x_wconf 91' lang='lat' dir='ltr'><strong>innen</strong></span> <span class='ocrx_word' id='word_1_269' title='bbox 929 4351 1102 4442; x_wconf 88' lang='lat' dir='ltr'><strong>eredtper)</strong></span> <span class='ocrx_word' id='word_1_270' title='bbox 1120 4353 1164 4423; x_wconf 92' lang='lat' dir='ltr'><strong>ad</strong></span> <span class='ocrx_word' id='word_1_271' title='bbox 1172 4379 1248 4445; x_wconf 88' lang='lat' dir='ltr'><strong>pre·</strong></span> 
     </span>
     <span class='ocr_line' id='line_1_32' title="bbox 39 4451 1250 4558; baseline 0.016 -40"><span class='ocrx_word' id='word_1_272' title='bbox 39 4475 41 4526; x_wconf 64' lang='lat'>;</span> <span class='ocrx_word' id='word_1_273' title='bbox 114 4460 224 4521; x_wconf 85' lang='lat' dir='ltr'><strong>sentes</strong></span> <span class='ocrx_word' id='word_1_274' title='bbox 241 4457 381 4522; x_wconf 73' lang='lat' dir='ltr'><strong>octaus</strong></span> <span class='ocrx_word' id='word_1_275' title='bbox 397 4451 473 4523; x_wconf 81' lang='lat' dir='ltr'><strong>festi</strong></span> <span class='ocrx_word' id='word_1_276' title='bbox 488 4455 758 4544; x_wconf 77' lang='lat' dir='ltr'><strong>prphaniarum</strong></span> <span class='ocrx_word' id='word_1_277' title='bbox 772 4459 904 4529; x_wconf 92' lang='lat' dir='ltr'><strong>Domini</strong></span> <span class='ocrx_word' id='word_1_278' title='bbox 913 4461 975 4528; x_wconf 90' lang='lat' dir='ltr'><strong>sth.</strong></span> <span class='ocrx_word' id='word_1_279' title='bbox 992 4457 1250 4558; x_wconf 79' lang='lat' dir='ltr'><strong>(ttrgyaltatctt,</strong></span> 
     </span>
    </p>
   </div>
   <div class='ocr_carea' id='block_1_4' title="bbox 220 4577 1142 4643">
    <p class='ocr_par' dir='ltr' id='par_1_6' title="bbox 220 4577 1142 4643">
     <span class='ocr_line' id='line_1_33' title="bbox 220 4577 1142 4643; baseline 0.018 -17"><span class='ocrx_word' id='word_1_280' title='bbox 220 4587 331 4629; x_wconf 70' lang='lat' dir='ltr'><strong>uonna.</strong></span> <span class='ocrx_word' id='word_1_281' title='bbox 345 4589 428 4628; x_wconf 79' lang='lat' dir='ltr'><strong>neas.</strong></span> <span class='ocrx_word' id='word_1_282' title='bbox 445 4589 516 4632; x_wconf 82' lang='lat' dir='ltr'><strong>arar.</strong></span> <span class='ocrx_word' id='word_1_283' title='bbox 533 4599 579 4616; x_wconf 91' lang='lat'><strong>-·</strong></span> <span class='ocrx_word' id='word_1_284' title='bbox 593 4593 666 4634; x_wconf 79' lang='lat' dir='ltr'><strong>nm.</strong></span> <span class='ocrx_word' id='word_1_285' title='bbox 683 4593 750 4636; x_wconf 83' lang='lat' dir='ltr'><strong>xxm.</strong></span> <span class='ocrx_word' id='word_1_286' title='bbox 1119 4577 1142 4643; x_wconf 86' lang='grc'>6</span> 
     </span>
    </p>
   </div>
   <div class='ocr_carea' id='block_1_5' title="bbox 0 0 1600 5190">
    <p class='ocr_par' dir='ltr' id='par_1_7' title="bbox 0 0 1600 5190">
     <span class='ocr_line' id='line_1_34' title="bbox 0 0 1600 5190; baseline 0 6"><span class='ocrx_word' id='word_1_287' title='bbox 0 0 1600 5190; x_wconf 95' lang='lat' dir='ltr'><strong> </strong></span> 
     </span>
    </p>
   </div>
  </div>
 </body>
</html>
