3190 5190
894 269 955 328 122

358 480 471 531 omnes
487 461 619 547 captivi,
635 460 690 543 qui
705 459 874 544 capientur
890 479 948 544 per
972 458 1137 544 predictas
1163 464 1273 546 perles
1290 461 1332 528 de
1355 464 1492 532 bomini-

360 570 418 638 bus
436 566 618 635 Dalmasiis
634 566 687 634 rel
703 564 947 634 coadiutoribns
968 565 1123 650 ipsorum,
1141 567 1333 651 pervenient
1348 570 1382 636 in
1398 569 1486 638 foroi-

359 697 411 744 am
429 681 462 744 et
475 673 612 744 bailiam
628 672 732 760 ipsius
748 671 870 740 domini
885 672 994 758 Regis,
1013 678 1046 738 et
1063 672 1201 757 deipsis
1226 674 1347 744 sacient
1376 665 1484 746 v'olnn·

359 791 460 852 tatem
484 802 578 850 suem
604 783 657 848 rel
683 780 824 849 tenendo
840 778 930 865 ipsos
946 779 980 846 in
997 799 1111 848 cocere
1125 781 1179 848 uel
1196 782 1309 851 ultimo
1325 785 1482 853 trahendo

360 889 530 979 supplicio.
561 889 603 955 nt
618 889 647 955 si
663 887 834 973 contigerit
849 888 992 972 aliquem
1010 908 1051 956 ex
1082 888 1236 973 predictis
1268 891 1408 977 captivis
1439 896 1482 961 ad

357 999 613 1086 redemptionem
651 996 728 1080 poni
759 1003 791 1063 ct
821 996 928 1081 ipsum
974 995 1099 1083 redimi,
1146 997 1231 1082 quod
1261 999 1355 1087 illud,
1397 1000 1481 1083 quod

358 1108 556 1194 reciperetur
571 1123 631 1191 pro
645 1102 863 1190 redemptione
878 1104 963 1192 ipsa,
979 1103 1023 1170 sit
1036 1108 1138 1172 totum
1164 1105 1321 1174 dicturum
1350 1105 1499 1177 liniret-¹

358 1217 511 1298 situlum3
536 1219 683 1280 teneatur
713 1219 823 1280 tamen
855 1210 962 1279 dictus
995 1212 1145 1280 dominus
1174 1213 1244 1281 Rex
1275 1215 1316 1282 de
1347 1218 1485 1302 captivis

359 1320 515 1408 predictis
531 1320 610 1389 dare
627 1320 710 1405 ipsis
740 1319 1024 1405 Universitatibus,
1056 1320 1085 1388 si
1100 1320 1240 1403 aliquem
1271 1322 1323 1389 vel
1355 1323 1483 1407 aliquos

361 1429 435 1514 cepi
468 1447 509 1494 ex
540 1425 621 1514 ipsis
652 1426 846 1512 contingerit
877 1448 898 1493 a
930 1427 1027 1496 dictis
1059 1427 1270 1496 Dalmasibus
1303 1431 1485 1496 excambiut

359 1535 714 1624 proniverrtibus.'1tem
745 1535 831 1619 quod
862 1533 1067 1602 ordinabitur
1097 1554 1157 1618 per
1171 1535 1338 1603 dominum
1362 1538 1481 1621 Regem

359 1642 541 1730 predictum
557 1663 640 1712 unus
657 1643 865 1728 (lapitenene,
882 1643 938 1728 qni
954 1643 1057 1730 presit
1073 1641 1169 1711 dictis
1184 1644 1297 1728 galeis,
1313 1651 1346 1710 et
1362 1665 1481 1730 omues,

1577 395 1580 526 Z

360 1753 416 1840 qui
432 1756 526 1820 erunt
542 1751 576 1817 in
593 1749 688 1818 dictis
704 1749 816 1834 galeis,
833 1749 986 1817 obedient
1001 1750 1067 1836 ipsi
1083 1749 1277 1836 Capitonem
1292 1747 1352 1837 (ct)
1368 1753 1441 1834 erit,
1457 1758 1486 1818 et
1578 1783 1580 1848 3

360 1861 533 1929 mutabitur
549 1864 582 1924 ct
613 1857 690 1926 aliis
704 1857 935 1942 subrogabitur
952 1857 995 1924 ad
1025 1859 1225 1926 voluntatem
1241 1858 1346 1943 ipsius
1363 1859 1483 1926 domini
1577 1859 1580 1932 ἴ

324 2035 327 2043 ,
357 1970 466 2054 Regis.
483 1967 564 2034 Item
580 1965 666 2050 quod
681 1965 711 2033 ei
725 1965 828 2047 aliqui
843 1985 884 2032 ex
900 1964 1109 2034 Dalmasibus
1126 1966 1230 2034 velint
1245 1965 1357 2033 venire
1372 1973 1485 2051 sponte
1578 2009 1580 2026 .

359 2078 402 2145 ad
419 2075 567 2145 habitere
583 2093 656 2142 enm
686 2072 814 2142 familie
829 2074 942 2142 snaed
960 2081 1062 2141 terras
1089 2073 1346 2142 Univereitetum
1361 2075 1484 2158 predic·
1579 2071 1580 2148 J

358 2193 473 2269 terum,
506 2181 653 2248 homines
684 2177 828 2262 ipserum
855 2180 1110 2250 Universitatum
1146 2181 1272 2266 possint
1297 2184 1390 2267 ipsos
1406 2182 1487 2248 reci-

361 2312 447 2379 pere,
479 2288 654 2357 dummodo
689 2308 753 2355 non
783 2287 848 2355 sint
880 2295 992 2357 contra
1023 2289 1223 2368 voluntatem
1249 2289 1372 2358 domini
1387 2291 1486 2375 Regis

359 2399 537 2484 Hungerie,
553 2401 685 2481 recepta
700 2403 807 2463 tamen
823 2397 913 2482 prius
944 2397 1001 2463 ab·
1020 2397 1067 2464 eia
1098 2396 1217 2465 idonea
1248 2405 1280 2464 et
1311 2396 1492 2464 sufficienti

360 2506 500 2593 cautela,
530 2504 616 2588 quod
648 2523 713 2568 non
745 2502 910 2571 offendent
941 2503 1108 2571 dominum
1139 2506 1262 2588 Regem
1294 2505 1408 2572 Sicilie
1433 2504 1491 2571 vel

359 2622 489 2701 gentem
504 2630 609 2695 suam,
626 2617 659 2677 et
690 2609 777 2694 quod
807 2609 931 2678 facient
962 2621 1113 2696 guerram
1145 2612 1241 2680 dictis
1262 2612 1486 2698 Dulmnsibus‚

359 2725 407 2790 ite
422 2728 540 2804 temen,
557 2717 643 2802 quod
660 2717 763 2802 siper
781 2715 896 2802 dictos,
913 2717 968 2801 qui
979 2721 1146 2788 venissent
1161 2718 1203 2786 ed
1219 2719 1433 2786 habitandum
1444 2720 1494 2788 ad

359 3175 396 3221 sc
412 3153 496 3220 inter
527 3149 691 3236 predictas
721 3153 841 3233 partes,
867 3148 953 3232 quod
970 3149 1057 3217 dicte
1073 3149 1315 3219 Universitatcs
1332 3151 1374 3218 dc
1390 3151 1489 3219 dictis

358 3264 465 3347 pactis
480 3279 545 3327 non
562 3262 743 3341 teneantur,
757 3255 783 3323 si
800 3256 948 3341 predicte
963 3257 1095 3326 domino
1110 3259 1191 3342 Regi
1223 3258 1393 3342 Hungarie
1424 3260 1493 3328 die-

359 3369 534 3454 plicerent3
559 3371 590 3432 et
606 3385 701 3450 quam
719 3365 784 3432 cito
801 3384 859 3448 per
875 3362 981 3448 ipsum
997 3365 1161 3434 dominum
1179 3369 1301 3452 Regem
1315 3367 1489 3452 Hungerie

1577 2397 1580 2508 Ι

1578 2737 1580 2834 1

358 2831 464 2898 dictes
480 2834 594 2915 terras,
611 2823 741 2908 aliquod
756 2825 909 2891 damnum
926 2826 1057 2893 daretur
1073 2827 1136 2912 ipsi
1168 2825 1298 2895 domino
1330 2828 1414 2911 Regi
1430 2831 1485 2896 vel
1578 2837 1580 2926 ξ

360 2939 448 3024 genti
481 2955 548 3026 sue,
581 2955 638 3003 scu
669 2929 776 3016 alicui,
793 2930 835 3000 sit
865 2952 924 3018 per
939 2935 1075 3021 pirates,
1091 2934 1177 3002 dicte
1191 2934 1428 3002 Universitates
1444 2937 1496 3003 de·

358 3045 446 3112 dicto
462 3043 581 3110 damno
596 3048 769 3108 teneantur
786 3039 873 3108 dicto
890 3040 1040 3110 dominos
1055 3041 1154 3126 Regi3
1172 3040 1233 3108 hoc
1243 3048 1339 3125 pacto
1355 3061 1489 3127 expres·
1578 3033 1580 3054 '

1575 3155 1580 3268 ¹

1577 3359 1580 3462 1

361 3474 514 3561 predictis
531 3471 808 3540 Universitatibus
823 3471 1013 3555 constiterit,
1042 3472 1174 3557 quodsi
1199 3475 1350 3559 predicta
1374 3475 1491 3562 displi·

364 3587 470 3668 ceant,
510 3587 704 3648 teneantur·
725 3578 872 3663 predicto
913 3577 1043 3648 domino
1074 3581 1156 3666 Regi
1187 3581 1300 3648 Sicilie
1330 3579 1490 3652 distincte

361 3698 456 3774 prout
479 3690 521 3756 ab
554 3687 667 3757 eodem
685 3686 817 3754 domino
832 3687 921 3772 Rege
936 3687 1105 3772 Hungarie
1121 3687 1350 3775 prorepserint,
1364 3709 1488 3758 renun-
1578 3687 1580 3756 ἓ

359 3797 457 3863 clarc.
483 3797 523 3862 nt
539 3814 579 3862 ex
595 3803 672 3862 tunc
696 3792 802 3860 dictus
828 3793 977 3862 dominus
992 3795 1063 3872 Rex
1079 3794 1190 3864 Sicilie
1206 3795 1301 3862 dietis
1320 3795 1489 3865 Universi·
1577 3759 1580 3840 Ι

359 3905 480 3971 tatibus
497 3904 537 3970 de
554 3900 712 3987 predictis
728 3901 761 3966 in
778 3901 880 3970 nihilo
895 3901 937 3971 sit
963 3902 1160 3988 adstrictus·
1180 3903 1239 3970 sed
1270 3905 1341 3990 ipso
1358 3903 1430 3971 iure
1445 3905 1504 3973 eit·
1579 3981 1580 3984 Ἴ

358 4013 398 4078 ab
430 4011 578 4078 omnibus
610 4007 765 4094 predictis
796 4009 1052 4096 obligationibus
1086 4011 1255 4096 liberatus,
1290 4020 1323 4078 et
1338 4011 1494 4096 predicte
1578 4013 1580 4032 ³

357 4117 593 4187 Universitates
626 4116 658 4183 in
690 4117 869 4186 continenti
900 4119 943 4184 ad
975 4104 1218 4202 requisitionem
1251 4118 1328 4186 dicti
1360 4118 1492 4188 domini

356 4228 455 4310 Regis
488 4219 651 4312 predictas
679 4226 794 4308 galeas
812 4224 859 4292 cis
874 4226 1171 4294 accommodandas
1192 4223 1298 4294 eidem
1314 4227 1498 4294 restituere

358 4339 539 4401 tenuentur.
556 4331 627 4410 Quo
642 4331 753 4399 omnia
769 4337 801 4399 et
819 4334 950 4418 singula
981 4333 1121 4420 predicti
1151 4332 1269 4402 sindici
1300 4332 1432 4400 nomine
1448 4354 1497 4401 ee
1579 4341 1580 4346 ’

355 4443 427 4508 vice
457 4441 616 4506 dictarum
649 4437 903 4508 Universitatum
935 4443 1155 4526 promiserunt
1170 4439 1308 4509 solemni
1324 4440 1496 4525 stipulati-

356 4568 417 4614 one
447 4546 679 4616 interveniente
711 4549 798 4615 dicto
831 4549 962 4616 domino
992 4551 1081 4635 Rege
1112 4547 1223 4616 Sicilie
1255 4545 1429 4614 attendere
1454 4556 1500 4616 et·
1578 4559 1580 4592 f
