3096 5202
591 1139 666 1208 209.

63 1337 176 1402 Lerina
200 1340 233 1404 ea
265 1337 404 1405 Bracae
421 1337 559 1424 eaipctcic
574 1337 717 1403 aldertilc
733 1335 887 1425 mapukut
903 1359 924 1402 a
941 1337 1094 1403 ccleacaei
1119 1335 1189 1404 lca-

345 1441 773 1530 tc‘raaadpjilbutulmrloak.
798 1442 897 1510 1278.

159 1637 293 1707 Paetum
311 1639 415 1707 Farre
430 1645 463 1705 et
476 1637 601 1707 Bracie.
617 1636 789 1706 Millesimo
807 1637 1047 1707 cccxxvnl.
1064 1637 1188 1706 mensis

4 1713 6 1760 3
64 1743 176 1832 Aprilis
191 1745 248 1814 dic
263 1746 369 1814 tercio
385 1745 537 1834 intrante,
553 1745 757 1832 presentibus
772 1744 935 1814 nobilibus
951 1745 1031 1814 viris
1047 1746 1188 1816 dominis

4 1873 5 1878 ’
65 1853 177 1923 hiarino
199 1854 391 1942 inlucesce,
419 1855 549 1922 Andrea
566 1853 657 1925 Geno
675 1861 707 1922 et
721 1855 877 1922 Armorao
893 1855 996 1944 lusto,
1014 1862 1091 1923 tuuc
1107 1855 1188 1924 Ocn-

65 1960 168 2029 cibarii
184 1961 311 2031 domini
328 1962 440 2051 Ducis,
457 1963 564 2030 hlaroo
582 1962 623 2030 de
637 1963 749 2046 hiugla
765 1971 797 2030 et
807 1961 1036 2031 Bartholomeo
1053 1963 1189 2050 Capella

67 2075 94 2136 ct
106 2069 186 2138 aliia.
216 2070 256 2138 In
272 2073 384 2160 capite
399 2072 478 2158 sale,
496 2071 552 2140 ubi
573 2071 686 2139 sedent
701 2071 835 2140 ludices
850 2070 972 2159 Propri,
989 2073 1186 2140 venerabilis

65 2177 316 2261 puterdominus
333 2179 366 2248 S.
383 2179 445 2248 Dei
472 2180 580 2264 gratia
610 2179 763 2248 Forensis
788 2178 966 2266 Episcopus
998 2197 1038 2246 ex
1069 2180 1188 2250 virtute

67 2286 290 2356 commissionis
307 2286 372 2355 sibi
386 2287 471 2357 tacte
486 2287 698 2375 porhomines
714 2284 825 2356 Insula
840 2287 949 2372 Ferre,
968 2285 1061 2356 cuius
1077 2307 1188 2357 exem·

4 2421 6 2452 1
66 2391 141 2478 plnm
155 2393 289 2464 inferius
307 2393 500 2482 continetur,
516 2394 665 2464 submisit
680 2413 720 2463 ac
734 2395 905 2482 subposuit
920 2395 1027 2481 ipsam
1045 2394 1186 2463 insulam

4 2531 5 2592 j
67 2498 183 2570 elalius
212 2503 265 2571 sui
297 2501 516 2590 Episcopatus
549 2508 583 2572 et
598 2522 755 2588 personas
786 2511 820 2570 et
834 2502 957 2571 havere
973 2502 1138 2572 hominum
1156 2511 1188 2573 et

4 2597 25 2670 i'
67 2596 265 2691 personarum
281 2609 505 2678 habitantium
521 2608 556 2676 in
571 2609 654 2696 ipsis
673 2607 793 2679 insulis
818 2609 961 2679 dominio
979 2618 1011 2679 ct
1042 2610 1188 2682 iurisdic-

67 2713 135 2782 tioni
162 2717 331 2804 Magnifici
358 2717 481 2785 domini
499 2716 615 2786 Jacobi
631 2715 815 2786 contareno
833 2717 894 2786 Dei
910 2719 1019 2804 gratia
1034 2721 1185 2790 Veueoia·

4 2825 8 2907 ,
67 2839 127 2888 rum
142 2832 200 2894 ete.
217 2833 251 2893 et
271 2823 462 2894 Communis
487 2825 700 2894 Veneoiarum
731 2845 770 2894 eo
802 2826 946 2894 modoet
976 2828 1090 2914 forma,
1122 2848 1187 2915 qna

4 2951 6 3028 3
65 2937 131 2998 sont
159 2932 323 3020 subpositi
353 2933 411 3001 alii
436 2933 487 3002 sni
503 2933 618 3003 fideles
643 2933 685 3002 de
701 2933 884 3022 Dalmaeia,
899 2936 1010 3004 rolens
1026 2935 1114 3021 quod
1129 2935 1186 3006 do·

4 3069 6 3102 z
67 3037 160 3108 ninus
173 3041 249 3111 Dux
264 3043 480 3112 veneciarum
496 3063 555 3130 pro
573 3063 610 3111 se
625 3050 657 3110 et
672 3043 743 3131 ipso
771 3043 941 3111 Communi
974 3043 1187 3112 veneciarum

4 3195 6 3240 ᾗ
65 3143 236 3218 hominibus
267 3157 303 3220 et
321 3149 468 3238 personis
499 3150 718 3238 predictarum
751 3151 932 3220 insularum
966 3151 1045 3219 dare
1069 3149 1211 3221 debeatv

4 3275 6 3330 1=
66 3252 252 3326 Potestatem
266 3258 338 3328 sive
361 3261 540 3347 Rectorem,
571 3258 666 3328 illum
697 3259 859 3349 videlicet,
876 3260 931 3345 qui
961 3259 1026 3347 ipsi
1055 3260 1186 3331 domino

69 3357 144 3431 buci
158 3375 190 3432 ct
221 3364 369 3435 Consilio
385 3365 597 3436 veneciarum
627 3366 782 3456 placebit,
798 3373 831 3436 et
845 3386 904 3454 per
918 3373 1043 3438 tantum
1059 3375 1186 3456 tempas

4 3485 6 3568 ζ
68 3486 118 3553 per
131 3481 286 3558 quantum
304 3474 334 3543 ei
350 3475 505 3563 placebit,
521 3474 564 3541 ad
583 3474 763 3561 regendum
780 3481 812 3544 et
838 3475 1086 3562 gubernandum
1117 3497 1187 3570 cos,

4 3623 10 3658 4
65 3595 128 3645 eum
155 3581 209 3652 illo
225 3581 402 3670 capitulari
433 3589 554 3652 etcum
571 3581 630 3651 illa
646 3582 760 3670 forma,
778 3582 866 3669 quod
882 3589 915 3653 et
931 3604 1028 3669 quam
1045 3585 1077 3652 ei
1094 3585 1186 3654 dabit

4 3689 5 3716 ³
67 3683 200 3758 dominus
215 3690 292 3758 Dux
308 3689 483 3777 predictus.
499 3689 559 3758 (lui
569 3689 727 3758 Potestati
743 3692 813 3758 sive
828 3689 958 3759 Rectori
978 3691 1049 3778 ipso
1066 3713 1186 3781 expen-

69 3811 116 3861 sas
130 3797 288 3887 promisit,
320 3817 393 3867 eum
410 3798 562 3886 expensis
592 3805 624 3864 et
638 3798 839 3885 obligations
862 3801 1021 3868 bonorum
1042 3803 1185 3870 omnium

8 3993 11 3998 A
67 3905 236 3975 mmunium
277 3925 487 3994 personarum
529 3907 674 3993 ipsarum
705 3907 974 3996 Universitatum,
1009 3907 1096 3993 quod
1127 3930 1186 3996 per

70 4006 290 4083 universitates
320 4014 466 4101 ipsarum
483 4013 665 4083 Insularum
681 4019 715 4083 et
730 4015 780 4083 sni
799 4013 1024 4101 Episcopatus,
1049 4036 1108 4084 seu
1124 4036 1185 4104 per

4 4201 5 4206 Ἰ
70 4114 131 4186 illos
144 4119 183 4189 tle
196 4122 298 4192 Parra
328 4129 455 4192 tantum
486 4121 711 4210 providebitur
726 4123 762 4190 in
792 4121 911 4190 salario
927 4127 961 4189 et
975 4143 1034 4210 pro
1066 4122 1184 4193 salario

71 4227 221 4298 annuatim
251 4231 400 4300 inlibris
430 4230 520 4298 mille
551 4231 767 4300 venecialium
798 4249 976 4317 parvorum
1007 4231 1183 4300 seeundum

70 4347 181 4406 comum
195 4359 258 4426 que
273 4341 373 4410 habet
390 4360 495 4429 parva
511 4347 642 4408 moneta
658 4339 857 4428 inpartibus
878 4339 957 4427 iilis,
974 4346 1006 4408 et
1022 4341 1055 4406 in
1088 4339 1183 4409 domo

72 4437 153 4509 cham
168 4466 225 4530 pro
240 4447 442 4518 habitatione
456 4449 578 4536 ipsius3
602 4456 635 4517 et
651 4449 737 4533 qnod
753 4445 989 4516 hediffioabuut
1004 4446 1183 4538 civitatem,

4 4619 6 4652 ζ
72 4561 124 4627 ille
137 4552 204 4622 aliis
217 4557 394 4644 tempribus
412 4554 474 4626 luit
489 4554 579 4642 apud
594 4557 749 4626 Sanctam
765 4557 902 4625 Mariam
920 4554 962 4624 de
977 4555 1096 4642 leena,
1122 4577 1182 4644 pro

74 4649 250 4732 habitatione
281 4663 446 4737 hominum
477 4664 657 4736 insularum
673 4665 829 4752 ipsarum.
860 4663 924 4743 Qui
941 4666 1090 4734 Potestas
1111 4667 1183 4736 sive

4 4783 6 4882 ζ
77 4755 179 4836 bactu
191 4769 250 4840 ibit
265 4779 297 4842 et
313 4772 413 4842 stabit
428 4794 500 4842 cum
517 4773 577 4842 illa
603 4773 731 4842 familia
746 4778 779 4842 et
796 4775 898 4860 equis,
930 4793 993 4858 quc
1023 4773 1183 4861 placuerit

4 4955 12 5047 r
