3162 5200
336 550 492 617 immeriti
507 547 701 632 disponente
725 544 862 612 Domino
893 544 1059 638 constituti
1090 545 1180 650 circu
1210 545 1400 630 generalem
1415 567 1475 615 cu—

336 678 408 724 ram
440 655 659 723 Ecclesiarum
691 654 832 722 omnium
863 654 954 720 iuxta
985 653 1161 740 pastoralis
1196 653 1293 740 oiflcij
1321 655 1468 724 debitum

337 763 481 833 sollicita
507 761 730 847 diligentiu'et
762 761 913 844 diligenti
943 758 1162 828 sollieitudine
1191 761 1387 846 vigilamus3
1412 761 1470 830 sed
1580 820 1581 831 ,

337 873 382 940 ad
397 873 475 940 illas
490 869 670 957 potissime,
686 887 748 954 que
763 867 931 936 uiduitatis
952 867 1126 954 deplorant
1141 868 1357 957 incommoda,
1373 877 1468 937 tanto

337 979 493 1047 attentius
509 981 617 1044 nosue
633 975 904 1044 considerationis
923 981 1146 1059 retorquemus
1171 975 1333 1063 intuitum,
1365 983 1471 1042 tanto·

337 1106 403 1172 que
417 1085 603 1171 studiosius,
626 1089 662 1151 ut
677 1083 723 1150 eis
738 1090 885 1170 pastores
896 1083 1104 1169 preficiantur
1120 1082 1251 1171 ydonei,
1268 1090 1472 1170 opportunos
1580 1078 1581 1095 ¹

338 1195 475 1279 labores,
491 1197 647 1276 quantum
667 1189 761 1257 nobis
792 1190 992 1275 permittitur
1006 1207 1047 1254 ex
1079 1191 1157 1276 alto,
1187 1190 1395 1260 incessanter
1410 1193 1470 1258 im-

338 1299 521 1386 pendimus,
554 1304 673 1383 quanto
704 1297 868 1364 iutuemur
882 1297 1098 1383 manifestius,
1121 1295 1208 1382 quod
1224 1297 1393 1366 eutalium
1411 1300 1470 1366 ud·

340 1407 576 1474 ministratione
591 1412 758 1491 pastorum
790 1405 914 1474 l1·uetus
940 1405 1058 1472 uberes
1090 1403 1305 1490 spiritualiter
1321 1415 1354 1474 et
1384 1415 1467 1473 tem·

340 1515 497 1602 penaliter
520 1511 643 1582 eisdem
660 1519 796 1598 possunt
811 1511 970 1596 Ecclesijs
984 1513 1164 1598 prouenire,
1181 1512 1225 1578 ad
1240 1531 1380 1596 quarum
1394 1535 1469 1599 pro·

338 1622 483 1691 curanda
499 1620 668 1689 commoda
697 1621 858 1705 promptis
890 1639 929 1686 ac
960 1619 1036 1686 totis
1068 1619 1240 1704 desiderijs
1271 1620 1476 1706 aspiramus..

338 1729 458 1798 Felicis
488 1727 650 1814 siquidem
682 1724 918 1793 recordationis
944 1723 1111 1794 Clemente
1126 1726 1221 1812 Papa
1234 1727 1478 1812 predecessore

338 1845 450 1906 nostro
468 1835 690 1904 venerabilem
710 1831 843 1901 fratrem
868 1839 1016 1900 nostrum
1047 1833 1223 1900 Aleardum
1252 1835 1477 1920 professorem·

338 1943 471 2014 Ordinis
502 1944 662 2010 Minorem
690 1939 918 2026 Arborensem,
934 1947 1010 2007 tunc
1026 1941 1226 2024 Ragusiuum
1243 1941 1471 2028 Arobiepisco·

338 2073 426 2140 puru,
443 2051 487 2118 ad
503 2052 717 2118 Arboreusem
732 2046 912 2116 Ecclesiam
931 2048 1154 2134 transferente,
1170 2067 1210 2115 ac
1240 2057 1371 2136 propter
1403 2049 1474 2117 hoc

337 2158 504 2243 Rugusina
534 2157 683 2224 Ecclesia
713 2163 900 2222 remanente
931 2155 1087 2222 destituta
1117 2161 1257 2241 pastore,
1273 2156 1466 2242 Capitulum

338 2283 397 2333 scu
413 2263 568 2332 Canonici
585 2263 743 2346 Rugusini
759 2260 924 2330 Audream
942 2263 1127 2330 (lauronem
1143 2261 1185 2328 dc
1202 2264 1347 2349 Venetijs
1362 2265 1470 2334 Cano·

338 2375 447 2440 nicom
463 2371 655 2437 Paduanum
686 2369 727 2435 de
763 2369 851 2438 lacto
880 2369 915 2436 in
947 2370 1147 2454 Ragusinum
1180 2370 1471 2458 Arcbiepisoopum

338 2479 527 2564 elegerunt,
549 2475 603 2562 qui
624 2475 667 2543 ad
693 2475 829 2543 eandem
861 2478 1062 2559 Ragosinam
1094 2477 1273 2546 Ecclesiam
1306 2478 1478 2549 accedens

338 2586 567 2675 personaliter,
599 2583 693 2651 nulla
707 2583 841 2652 licentia
859 2583 983 2670 habita,
999 2586 1053 2652 uel
1075 2586 1317 2653 confirmations
1331 2588 1472 2656 obtenta

337 2714 359 2763 a
373 2693 458 2763 Sede
473 2692 670 2778 Apostolica,
688 2692 724 2758 iu
739 2691 966 2776 spiritualibus
976 2699 1008 2758 et
1017 2693 1249 2777 temporalibus
1261 2694 1469 2781 impudenter

340 2800 581 2870 administrauit
612 2801 743 2869 ibidem.
794 2801 835 2866 Et
865 2799 998 2866 tandem
1028 2819 1070 2867 ex
1101 2808 1195 2886 parte
1225 2801 1279 2887 pie
1310 2803 1469 2870 memorie

339 2906 486 2992 Gregorij
504 2907 593 2992 Papo
611 2906 728 2974 decimi
744 2906 983 2992 predecessoris
1003 2908 1105 2974 nostri
1122 2905 1239 2974 citatus
1268 2909 1417 2993 legitime
1433 2911 1478 2976 in.

338 3014 459 3104 prefixo
490 3014 551 3082 sibi
568 3014 703 3083 termino
728 3015 946 3101 peremptorio
972 3013 1190 3101 personaliter
1206 3034 1312 3083 coram
1330 3036 1368 3084 eo
1383 3036 1478 3082 coms-

338 3138 454 3211 parere
482 3124 685 3208 postposuit;
714 3121 774 3190 sed
805 3121 977 3206 quemdam
1018 3127 1258 3208 procuratorem
1289 3122 1332 3190 ad
1364 3124 1481 3208 ipsius»

338 3227 580 3315 predecessoris
604 3231 706 3296 nostri
722 3227 875 3314 Gregorij
894 3227 1092 3312 presentiam
1109 3226 1297 3313 destinauit,
1313 3231 1367 3314 qui
1384 3230 1473 3297 elec
1504 3285 1506 3288 Α

339 3337 421 3404 tioui
438 3335 622 3404 huiusmodi
634 3344 665 3404 et
676 3337 762 3404 omni
775 3336 847 3421 iuri,
865 3335 950 3418 quod
967 3334 1072 3402 eidem
1089 3335 1242 3401 canonice
1259 3337 1479 3422 competebat.

340 3461 382 3509 ex
399 3461 449 3528 ea,
466 3444 595 3510 nomine
611 3444 714 3531 ipsius
731 3443 897 3527 canonici,
915 3463 935 3508 a
951 3461 1015 3526 quo
1032 3461 1130 3525 super
1145 3440 1205 3510 boo
1220 3443 1481 3528 specialem·-

338 3549 449 3617 datum
465 3551 616 3634 habebat,
648 3560 983 3638 sponteetexpresse
1014 3551 1220 3618 renunciabit
1249 3550 1281 3618 in
1315 3553 1481 3622 manibus-

340 3658 576 3743 predecessoris
595 3657 750 3725 eiusdem.
772 3660 870 3725 Unde
887 3659 962 3725 licet
987 3657 1200 3726 ministerium
1231 3667 1321 3726 tuum
1351 3661 1471 3729 Tribu-

339 3765 466 3832 niensis
480 3766 635 3849 Ecclesie,
651 3765 714 3850 eui,
740 3769 825 3834 sieut
841 3767 1035 3851 accepimus,
1066 3765 1275 3834 laudabiliter
1307 3767 1472 3858 pressisti,

340 3873 420 3940 utile
435 3871 534 3940 valde
549 3871 653 3956 loret3
677 3873 745 3940 Nos
761 3880 869 3940 tamen
887 3874 928 3941 de
954 3872 1159 3939 ordinatione
1184 3872 1286 3958 ipsius
1319 3875 1472 3946 Eeclssie

338 3979 505 4064 Ragusine
521 3979 627 4046 taliter
643 3989 773 4067 pastore
788 3983 930 4050 carentis
946 3979 1087 4049 sollicite
1103 3982 1295 4069 cogitantes,
1311 4001 1351 4049 ac
1368 3983 1472 4052 talem

338 4088 388 4154 illi
405 4107 541 4174 preesse
556 4089 743 4156 Pontificem
760 4089 963 4177 affectantes,
979 4107 1075 4173 quem
1092 4088 1274 4156 laudabilia
1283 4111 1345 4157 sua
1355 4091 1475 4158 merita

339 4193 545 4283 redimerent,
577 4195 708 4264 cuiusve
723 4218 787 4263 non
804 4203 890 4265 essct
906 4197 1006 4265 dubia
1022 4198 1144 4264 caritas
1161 4216 1241 4279 erga
1257 4180 1385 4282 plebem
1411 4220 1484 4271 sue·

340 4301 552 4372 sollicitudini
578 4303 881 4390 commendandam,
913 4303 947 4371 in
963 4311 997 4371 tc
1012 4310 1087 4370 tunc
1111 4302 1360 4371 'tribuniensem
1395 4306 1475 4392 Epi·
1506 4345 1512 4353 -

340 4431 500 4508 scopum,
512 4411 562 4477 eui
579 4411 645 4478 uite
664 4411 828 4500 honestas,
854 4409 1121 4480 commendabilis
1137 4411 1342 4479 conuersatio
1358 4419 1392 4480 et
1407 4417 1476 4482 sul-

342 4518 454 4587 iicieus
470 4519 648 4588 litterarum
666 4520 802 4588 scientia
833 4521 1063 4607 suffragantur,
1094 4519 1214 4606 quique
1246 4519 1472 4604 spiritualium

343 4625 581 4709 prouidentiam
599 4633 631 4694 et
645 4627 968 4714 circumspectionem
985 4627 1214 4716 temporalium
1242 4625 1382 4714 obtines,
1407 4649 1486 4700 neu.-
