3248 5206
643 447 805 544 “e—r„

12 657 13 662 ¹
148 639 341 708 bninsmodi
356 640 573 708 iuramentum
589 661 648 726 per
665 641 788 709 dictum
818 639 945 708 Abram
976 638 1134 709 (tomitem
1166 637 1209 706 de
1224 639 1293 706 blo

35 820 41 827 ,
157 748 292 834 roncba,
319 746 511 833 iobagiones
528 746 637 816 (lustri
652 756 686 817 et
703 757 899 828 castrenses,
915 745 1002 832 quod
1018 746 1188 833 sepedicta
1203 751 1294 814 terra

154 854 254 922 fucrit
270 854 394 924 domini
409 855 566 943 Episcopi
582 855 825 944 Zagrabiensis,
842 862 876 925 et
890 854 979 942 qnod
997 874 1125 944 semper
1156 859 1286 940 speeta-

156 962 242 1029 verit
257 963 302 1030 ad
318 959 465 1031 eundem
481 961 553 1042 Qne
569 961 701 1045 quidem
719 967 857 1047 quatuor
887 979 1030 1047 persone
1045 959 1213 1028 nominate
1227 979 1291 1046 per

12 1107 13 1164 3
145 1065 295 1154 eosdem,
312 1067 443 1138 scilicet
457 1068 613 1153 Magister
628 1069 744 1137 Petrus
764 1065 1023 1138 Archidiaconus
1046 1064 1295 1154 Zegrubiensis,

12 1179 14 1222 ι
153 1175 316 1261 Magister
345 1173 500 1260 biycbael
530 1174 720 1262 Propositus
735 1173 957 1261 Chasmensis,
973 1173 1161 1262 Stephanus
1178 1172 1293 1240 Archi·

12 1315 13 1360 3
152 1282 314 1351 diaconus
329 1281 371 1348 de
387 1281 540 1370 Gnertbe,
556 1290 592 1352 et
607 1282 799 1370 Craohynus
814 1283 938 1364 Cantor
955 1281 1105 1350 Ecclesia
1136 1281 1293 1368 Zagrabi-

145 1391 254 1475 -ensis,
285 1390 396 1457 inrare
429 1387 571 1457 debeant
601 1410 700 1476 super
731 1410 770 1458 eo
802 1388 960 1458 videlicet
975 1415 983 1457 ι
998 1389 1088 1475 quod
1118 1395 1294 1477 prenotata

149 1505 257 1582 terra,
290 1503 326 1563 nt
355 1497 572 1584 premisimus,
604 1515 734 1584 semper
764 1495 863 1565 fuerit
894 1496 1018 1565 domini
1058 1497 1224 1586 Episcopi,
1256 1501 1291 1564 et

13 1607 14 1610 ’
148 1602 357 1689 spectaverit
387 1603 430 1671 ad
461 1604 608 1673 eundem.
641 1604 705 1684 Qui
737 1605 842 1674 tercio
873 1603 927 1672 die
941 1610 1017 1690 post
1042 1602 1161 1672 iestnm
1176 1603 1291 1672 Sancti

155 1713 256 1796 Regis
274 1711 437 1798 Stephani
453 1730 561 1778 coram
577 1710 763 1780 bominibus
780 1712 900 1780 nostris
926 1711 1023 1779 Petro
1048 1711 1117 1778 lilio
1146 1707 1295 1796 Bcgdaa·

158 1820 223 1895 lon,
242 1825 276 1885 ct
291 1817 437 1906 Laatycb
461 1817 528 1886 lilio
543 1819 689 1907 Dragan,
705 1817 749 1885 ad
765 1816 988 1905 recipiendum
1003 1819 1220 1885 iuramentum
1237 1835 1294 1885 eo·

12 1983 14 2004 ‚
152 1925 308 1992 -rnmdem
323 1945 384 2012 per
399 1946 458 1994 nos
473 1924 639 2012 deputatis
658 1927 857 1994 iuraverunt
872 1924 942 1994 Nos
971 1924 1084 2008 itaque
1115 1923 1176 1992 tali
1205 1926 1291 1994 inra-

154 2040 264 2100 mentc
298 2039 440 2121 recepto,
463 2040 497 2100 ct
510 2033 557 2100 rei
589 2033 726 2103 venato
767 2030 908 2102 deducta
945 2031 979 2098 in
1010 2032 1126 2120 lucem,
1152 2038 1189 2100 nt
1218 2032 1295 2101 linis

155 2141 219 2225 ipsi
259 2139 421 2225 questioni
457 2141 652 2228 imponatur,
690 2139 734 2208 etl
757 2137 1023 2209 rcambulandam
1054 2146 1087 2206 et
1118 2139 1292 2208 restituen-

12 2257 14 2306 ὲ
148 2247 233 2314 -darn
265 2255 387 2315 terram
427 2246 577 2332 superius
615 2246 816 2314 nominatam
856 2246 942 2314 dicto
973 2245 1106 2315 domino
1129 2245 1293 2334 Episcopo

152 2354 306 2422 dedimus
354 2361 387 2422 et
432 2353 674 2438 assignavimus
722 2352 870 2422 homines
908 2358 1038 2422 nostros
1084 2351 1292 2438 fidedignos:

155 2464 291 2540 Petrum
330 2457 452 2527 seilicet
498 2459 601 2526 lilium
639 2458 824 2547 Bogdozlo,
874 2459 1019 2548 Laztyeh
1064 2457 1168 2526 filium
1206 2459 1295 2527 Drn·

145 2589 222 2653 gan
287 2565 481 2653 pristaldum
520 2570 724 2656 terrestrem,
781 2587 853 2636 cum
895 2567 1011 2636 Petrus
1043 2567 1167 2638 Gemite
1222 2565 1292 2634 tilio

154 2675 290 2756 Petrilo‚
306 2678 591 2760 perpreceptorem
608 2673 649 2741 de
665 2673 837 2762 Gbycban,
862 2681 895 2742 ct
910 2675 1025 2762 Gyurg
1041 2675 1139 2742 tilium
1165 2676 1287 2762 Druck,

150 2787 442 2870 perpreccptorem
472 2781 513 2848 de
528 2781 648 2849 Sancto
674 2781 815 2850 Martino
830 2800 889 2869 pro
904 2777 1088 2851 testimonio
1104 2781 1292 2850 destinatis.

159 2891 223 2970 Qui
239 2889 286 2958 ad
306 2907 366 2955 nos
396 2887 571 2956 redeuntes
603 2888 792 2973 retulerunt,
826 2889 913 2973 qnod
943 2887 1142 2976 sepedictam
1171 2895 1291 2958 terram

156 2997 345 3066 convocatis
375 2995 492 3063 vicinis
525 3003 558 3062 et
588 2995 820 3065 nummetaneis
852 2995 1095 3064 reambulantes
1126 3000 1158 3062 et
1188 2997 1284 3064 cortis

156 3106 254 3173 metis
263 3101 513 3191 distinguentes,
530 3102 820 3172 contradictoribus
831 3100 996 3187 aliquibus
1011 3122 1076 3169 non
1089 3102 1287 3191 extantibus,

156 3213 245 3282 dicto
277 3210 410 3279 domino
442 3209 605 3296 Episcopo
621 3213 838 3279 restituerunt
858 3208 958 3280 Guins
977 3215 1062 3277 terre
1077 3210 1185 3294 prima
1200 3217 1289 3279 meta

152 3319 271 3406 incipit
287 3340 309 3386 a
323 3316 458 3386 meridie
472 3318 528 3385 ubi
543 3316 662 3386 fluvius
677 3316 822 3404 Pzerych
846 3317 959 3386 delinit
973 3317 1007 3385 in
1038 3317 1158 3384 iontem
1190 3317 1292 3386 Zelne

158 3434 319 3510 vocatum,
351 3433 384 3493 et
416 3425 450 3492 in
468 3422 581 3494 eodem
612 3424 711 3494 fluvio
731 3425 877 3513 Paerych
892 3423 1071 3494 ascendens
1086 3444 1199 3494 versus
1214 3443 1289 3513 sep·

13 3589 15 3608 ι
156 3534 362 3604 temtrionem
377 3533 528 3620 pervenit
543 3532 588 3602 ad
604 3553 704 3603 unum
719 3542 861 3621 pontem,
878 3535 933 3618 qui
949 3538 998 3602 est
1017 3552 1115 3618 super
1145 3531 1284 3602 eundem

153 3644 290 3712 durium
322 3641 465 3726 Psericb,
498 3641 608 3726 ibique
639 3647 690 3710 cst
716 3649 806 3710 meta
821 3649 947 3727 terrea;
972 3639 1090 3710 deinde
1105 3641 1289 3726 procedens

156 3752 308 3836 superius
324 3750 359 3815 in
376 3748 487 3818 ecdem
503 3748 603 3818 fluvio
621 3749 709 3817 venit
724 3748 767 3816 ad
783 3769 881 3817 unam
897 3749 995 3836 mern,
1016 3767 1081 3831 qne
1110 3748 1289 3834 pertransit

14 3843 16 3884 ³
157 3858 295 3928 cundem
326 3855 469 3943 fluvium,
503 3855 655 3925 attendit
684 3877 798 3926 versus
814 3858 990 3938 orientcm;
1013 3856 1092 3924 inde
1106 3854 1288 3943 procedens

14 4025 15 4034 ,
157 3965 201 4034 ad
215 3984 317 4031 unum
334 3963 477 4051 lapidem
493 3985 552 4048 per
568 3965 655 4034 mam
672 3971 894 4053 memoratam,
911 3966 999 4034 venit
1014 3963 1058 4033 ad
1083 3964 1164 4033 duas
1195 3964 1290 4032 arbo·

14 4103 16 4122 ·
156 4096 207 4142 res
224 4091 353 4157 nucum,
385 4076 416 4138 et
431 4073 654 4159 pertransiens
680 4074 812 4142 easdem
828 4075 959 4141 arbores
976 4071 1123 4140 ascendit
1139 4071 1182 4138 ad
1198 4091 1289 4139 mon·

157 4187 220 4248 tem
235 4179 358 4263 ubique
373 4177 520 4262 iungitur
535 4183 619 4246 terro
636 4179 714 4247 dicti
731 4179 854 4248 domini
881 4179 1033 4266 Episcopi
1060 4179 1288 4264 Zagrabiensis

14 4303 20 4362 ‚t
156 4286 197 4354 dc
227 4306 295 4372 qna
308 4285 408 4351 iidem
440 4284 628 4371 iobagiones
661 4288 767 4355 Casiri
785 4296 817 4356 et
832 4295 1012 4356 castrenses
1039 4293 1289 4371 occupaverant.

14 4455 16 4472 ‚
156 4392 224 4459 iios
245 4396 357 4478 itaque
383 4391 508 4459 inducti
540 4395 706 4480 premissis
738 4395 923 4462 nacionibus
954 4400 1136 4481 protectam
1167 4398 1287 4460 terrem

14 4489 18 4504 '
158 4499 240 4565 dicto
273 4497 403 4566 domino
424 4498 586 4588 Episcopo
601 4510 634 4569 et
648 4524 709 4591 per
725 4523 796 4570 enm
813 4503 882 4571 suis
898 4500 1142 4571 successoribus
1157 4507 1289 4568 senten-

157 4605 281 4672 cialiter
297 4605 448 4674 duximus
465 4609 700 4677 restituendam
724 4619 757 4677 et
786 4609 998 4694 reddendam,
1034 4608 1120 4693 parti
1151 4605 1290 4677 adverse

153 4731 255 4798 snper
279 4713 355 4798 ipsa
380 4721 470 4782 terra
500 4723 689 4801 perpetuum
719 4719 888 4786 silencinm
919 4718 1131 4802 imponentes.
1163 4717 1288 4782 Datum
