3096 5202
386 1203 466 1270 Iccio
482 1199 642 1268 comesuelc
658 1199 833 1266 Brezorbui
848 1197 1054 1265 tenebrante
1084 1201 1244 1285 turpyuzo
1275 1200 1440 1284 udonrdnyu
1456 1223 1477 1304 ,⁰
1542 1187 1543 1196 ¹

445 1309 558 1378 sedeci
572 1309 712 1395 usipetes
727 1307 796 1374 leoli
812 1307 972 1375 cistercitu
989 1317 1147 1375 monostor
1161 1311 1321 1374 mansura.
1342 1309 1426 1373 1280.

494 1505 561 1574 Noe
578 1505 668 1571 Iwan
684 1501 809 1589 (lomes
827 1503 912 1572 filius
938 1503 1069 1590 Irinlay‚
1100 1501 1319 1586 significamus
1348 1503 1479 1571 uniuersis

388 1614 504 1698 quibus
521 1610 652 1699 expedit
667 1611 868 1698 presencium
886 1630 943 1696 per
960 1619 1114 1695 tenorem,
1146 1607 1233 1696 quod
1249 1631 1309 1680 nos
1331 1631 1384 1697 pro
1410 1612 1476 1678 salu·
1542 1609 1543 1704 j

386 1721 450 1789 tari
466 1718 608 1788 remedio
624 1721 731 1787 anime
747 1727 857 1787 nostre
873 1717 1030 1803 dedimus,
1045 1719 1236 1787 contulimus
1253 1737 1311 1787 sen
1322 1719 1480 1788 donavimus

388 1826 431 1895 ad
446 1827 600 1896 bonorem
616 1826 678 1892 Dei
696 1834 728 1895 et
744 1825 890 1910 Virginis
906 1825 1056 1893 Glorioso
1073 1824 1236 1910 quandam
1268 1833 1387 1912 partem
1414 1833 1480 1892 terre

389 1943 496 2006 nostre
513 1931 720 2018 hereditarie,
737 1934 915 2004 Brenoicha
925 1937 1048 2018 vocate,
1065 1934 1161 2000 metis
1172 1931 1385 2020 infrascriptis
1394 1931 1480 2000 distin·

390 2051 484 2126 etam,
517 2063 589 2111 cnm
616 2041 754 2126 quadum
772 2043 869 2109 vinea
885 2050 996 2110 nostra
1008 2042 1042 2106 in
1059 2041 1196 2108 Oncherl
1212 2041 1309 2109 sitam
1326 2050 1357 2110 et
1371 2039 1481 2108 cnsan-

389 2159 463 2236 tem,
496 2149 614 2217 Abbati
633 2154 665 2216 et
680 2147 858 2217 conventui
874 2149 1022 2218 Eecloeie
1037 2148 1148 2215 Sancti
1174 2149 1291 2216 Jacobi
1322 2149 1360 2216 de
1388 2147 1482 2230 Insula,

391 2273 493 2343 prope
508 2256 717 2344 Zagrabiam,
743 2255 967 2324 cisterciensis
984 2251 1125 2341 Ordinis,
1158 2263 1190 2323 et
1205 2274 1266 2339 per
1282 2275 1337 2324 eoe
1351 2254 1409 2324 enin
1429 2271 1481 2322 suc·

390 2362 572 2432 censoribus
587 2363 707 2448 ingiter
723 2363 755 2429 in
773 2363 889 2430 eadem
904 2363 1053 2430 Ecclesia
1068 2364 1138 2430 Deo
1169 2362 1405 2450 famulantibus,
1431 2363 1482 2428 inre

391 2478 545 2560 perpetuo
562 2476 595 2539 et
609 2469 866 2539 irrevocabiliter
883 2471 1016 2556 pacifice
1032 2477 1065 2538 et
1080 2469 1189 2555 quiete
1220 2469 1438 2556 possidendum
1460 2473 1483 2532 ct

391 2577 583 2662 habendam,
599 2586 635 2645 ut
650 2577 753 2647 eciam
768 2579 915 2648 Abbaeie
930 2580 989 2647 sub
1006 2579 1136 2646 nomine
1152 2584 1263 2646 nostru
1283 2581 1316 2646 in
1332 2579 1399 2665 ipsa
1419 2584 1484 2643 terra

393 2695 504 2754 nostra
519 2685 695 2755 Brczoicba
710 2687 886 2772 ordinetur,
919 2685 1087 2755 edificetur
1101 2705 1160 2754 seu
1176 2688 1282 2754 eciam
1299 2687 1481 2756 conabuntur.

393 2793 492 2862 Cuius
509 2794 641 2879 quidem
658 2799 743 2863 terre
769 2802 853 2862 mete
878 2793 941 2863 boc
972 2793 1085 2862 ordine
1115 2786 1484 2878 distinguuntur:1ucipit

392 2903 498 2990 prima
513 2907 601 2970 meta
617 2923 638 2969 a
652 2904 707 2970 via
722 2909 808 2971 retro
824 2902 985 2988 capellam
1001 2903 1094 2969 iuxta
1109 2902 1257 2989 rivulum,
1290 2901 1413 2970 nomine
1438 2898 1483 2964 llo·

395 3009 527 3096 cbirad,
552 3007 628 3077 inde
643 3009 792 3078 ascendit
808 3009 956 3095 superius
972 3010 1067 3077 iuxta
1082 3008 1221 3082 eundem
1237 3010 1376 3079 rivulum
1398 3021 1483 3074 remus

394 3116 580 3202 meridiem
598 3117 674 3184 inde
690 3117 794 3201 vergit
809 3115 950 3184 reclead
966 3117 1087 3184 siccam
1104 3116 1251 3184 arborem
1263 3119 1387 3204 kereas,
1401 3115 1439 3181 ibi
1451 3116 1486 3178 at

395 3232 480 3318 metu
497 3233 623 3310 terrea;
647 3225 722 3292 inde
736 3224 828 3293 vadit
843 3222 887 3291 ad
903 3225 1002 3293 aliurn
1020 3223 1168 3309 rivulum,
1200 3229 1331 3293 nomine
1348 3219 1484 3293 Damcrici

394 3333 472 3401 inde
488 3332 656 3401 deseendit
672 3330 807 3400 inferius
824 3332 916 3399 iuxta
932 3332 1070 3399 eundem
1088 3331 1226 3398 rivulum
1244 3353 1347 3418 usque
1376 3329 1413 3398 ad
1438 3343 1486 3391 ma·

396 3461 493 3525 gnam
509 3444 605 3525 riam,
621 3440 696 3508 inde
712 3460 772 3528 per
789 3459 940 3524 maguam
958 3440 1042 3506 viam
1060 3439 1152 3506 vadit
1167 3457 1281 3506 versus
1306 3437 1486 3526 occidentem,

396 3548 487 3616 iuxta
503 3567 599 3633 quam
616 3547 704 3615 riam
720 3555 797 3614 sunt
812 3553 876 3614 tres
892 3551 976 3614 mete
992 3553 1107 3629 terres,
1138 3548 1174 3613 in
1189 3546 1293 3614 tercia
1322 3566 1394 3614 veru
1420 3544 1485 3607 mota

396 3663 501 3725 terrea
517 3654 622 3738 vergit
638 3653 682 3721 ad
698 3652 994 3742 septemtrionalem
1011 3650 1145 3737 plagam
1161 3659 1193 3719 et
1207 3650 1375 3721 descendit
1388 3649 1425 3718 ud
1437 3645 1485 3712 ion·

396 3772 460 3830 tem
477 3781 585 3845 unum,
616 3759 743 3828 Bukoui
773 3767 940 3840 vocatum;
964 3765 996 3826 et
1027 3758 1104 3826 inde
1134 3781 1243 3829 rursus
1273 3759 1374 3828 tendit
1400 3769 1488 3823 versus

397 3868 656 3955 septemtrionem
672 3887 730 3953 per
746 3866 872 3952 silvam,
890 3867 1006 3934 Starob
1021 3867 1162 3955 nomine,
1179 3888 1238 3954 per
1253 3867 1340 3936 riam
1355 3865 1489 3947 antiquum

398 3987 429 4045 et
444 3977 534 4046 venit
549 3977 593 4044 ad
625 3997 794 4062 campnm3
814 3977 892 4044 inde
923 3976 1029 4060 vergit
1059 3997 1173 4044 versus
1201 3977 1396 4046 occidentem
1421 3971 1490 4038 iuxta

398 4105 519 4169 nemus,
535 4090 568 4151 et
583 4082 624 4151 de
639 4103 770 4151 nemore
786 4083 876 4151 vadit
890 4081 934 4151 ad
950 4085 1066 4169 locum,
1094 4085 1223 4152 nomine
1237 4084 1421 4172 Topolgrau,
1441 4075 1489 4142 nbi·

402 4212 465 4276 que
481 4198 531 4260 est
546 4197 634 4258 meta
649 4199 772 4279 terrea3
795 4189 872 4258 iude
903 4191 995 4258 radit
1025 4197 1113 4260 recte
1142 4191 1185 4258 ad
1216 4193 1361 4260 arborem
1390 4190 1489 4260 kerolt

400 4301 491 4368 iuxta
507 4319 603 4383 quum
621 4307 671 4366 est
687 4305 772 4365 meta
788 4305 903 4385 terrea,
923 4300 999 4366 inde
1018 4297 1110 4366 vadit
1127 4321 1240 4370 versus
1257 4303 1413 4381 orientem,
1426 4289 1492 4358 venii

345 4469 350 4474 .
402 4414 488 4475 recte
503 4408 545 4474 ud
562 4407 662 4475 alium
679 4407 820 4492 kercum,
848 4407 959 4491 ibique
976 4414 1025 4474 est
1056 4413 1143 4475 mela
1173 4415 1307 4494 terrea;
1331 4404 1402 4474 inde
1426 4403 1491 4466 retii

404 4514 507 4582 tendit
522 4513 565 4582 ad
580 4514 696 4596 locum,
715 4517 845 4582 nomine
859 4513 1052 4602 Rakitgran,
1084 4516 1196 4602 ibique
1211 4525 1261 4585 est
1285 4523 1369 4583 meta
1395 4517 1492 4582 terrem

403 4631 434 4692 et
449 4621 525 4690 inde
540 4622 629 4692 venit
644 4623 688 4691 ad
703 4623 849 4690 arborem
867 4621 995 4692 nomine
1011 4625 1132 4715 brentb,
1164 4633 1198 4695 et
1213 4625 1254 4692 de
1276 4623 1385 4693 eadem
1398 4618 1488 4702 arbore
