3162 5200
593 365 752 465 ..21⁷-

1 579 2 583 ¹
98 558 254 645 Gregorij
297 559 394 636 bomo
433 567 545 627 nester
576 558 740 644 quandem
772 565 891 626 terrem
922 547 1250 627 condictoncrtorum'

1 716 2 744 ,
102 665 431 748 uestrorumHotges
447 670 598 732 uocatam
614 669 772 732 statueret
797 663 914 732 Comiti
946 662 1081 752 Qymoni
1112 655 1241 732 Viceiu·

1 780 11 865 5³
98 771 165 838 dici
181 771 284 838 Gurie
300 777 422 854 nestro,
439 771 468 839 si
484 790 622 840 uacuam
638 771 777 837 eandem
794 771 964 857 inueniret,
990 779 1023 838 et
1053 791 1118 836 uon
1148 770 1239 837 fieret

1 872 27 940 J·
98 875 364 961 contradictum
404 877 514 946 citetis
545 879 847 964 contradictoribus,
880 879 908 946 si
940 879 995 963 qui
1027 879 1150 964 fierent,
1194 877 1239 946 ad

0 1010 1 1013 ¹
100 993 246 1054 uestrnm
263 985 468 1070 presenciam
485 986 529 1054 ad
545 986 717 1052 terminum
734 993 980 1071 competentem.
1021 986 1083 1064 Qui
1108 984 1237 1071 quidem

1 1083 26 1163 3¹
101 1093 199 1160 bomo
216 1099 328 1161 uester
343 1101 376 1160 et
391 1099 502 1161 noster
518 1092 561 1160 ad
593 1113 653 1161 nos
684 1095 888 1178 postmodnm
918 1094 1044 1162 reuersi
1075 1092 1235 1180 dixerunt,

1 1246 2 1258 2
99 1199 190 1284 qnod
208 1199 317 1286 ipsam
334 1206 454 1267 terram
470 1198 577 1267 dictus
593 1198 690 1267 bonno
706 1206 813 1268 uester
829 1199 1035 1284 presentibus
1051 1200 1169 1268 ricinis
1202 1208 1235 1267 et

1 1329 2 1345 ¹
105 1307 349 1394 commetcueis,
365 1313 398 1374 et
413 1326 478 1374 non
495 1306 805 1396 contradicentibus,
822 1309 1082 1376 roembulassent
1108 1315 1141 1374 et
1172 1313 1236 1374 sta·
1308 1361 1311 1368 .

4 1420 14 1442 ²
102 1417 244 1483 tuissent
259 1413 347 1481 dicto
364 1414 482 1481 comiti
498 1415 642 1500 Symoni.
658 1414 761 1494 Quam
780 1416 910 1500 quidem
927 1423 1057 1504 terrem,
1073 1415 1154 1482 sieut
1164 1415 1238 1482 nisu
1347 1439 1348 1442 ¹

13 1569 22 1576 -
104 1521 306 1590 considerari
327 1523 444 1608 potuit,
462 1540 536 1587 corn
551 1522 619 1588 suis
635 1521 841 1607 utilitatibus,
858 1524 988 1609 tenetis,
1013 1521 1117 1609 pratis
1133 1527 1165 1589 et
1182 1521 1236 1587 sil-

102 1630 163 1714 uis,
180 1629 345 1697 coinsnlo
360 1629 491 1712 Holgen
507 1637 624 1696 uocato
639 1629 682 1695 cd
708 1629 775 1698 triu
808 1635 920 1696 aratro
951 1628 1164 1712 estimarunt3
1189 1627 1236 1693 di·

100 1735 208 1804 eendo
224 1737 363 1804 eundern
379 1737 421 1801 cb
437 1735 599 1820 aquilone,
618 1744 651 1802 et
668 1737 860 1832 oboriente,
878 1731 1020 1804 necnon
1048 1757 1069 1802 o
1100 1735 1236 1803 meridie

100 1845 198 1912 terris
214 1844 351 1930 predicti
368 1841 503 1911 Comitis
518 1843 683 1929 symonis,
701 1846 743 1912 ob
760 1845 927 1913 occidente
943 1849 1053 1911 autom
1069 1848 1154 1910 terre
1162 1844 1236 1909 Ale-

97 1952 146 2038 xij
165 1951 208 2018 de
223 1952 335 2036 Opour
350 1958 620 2040 commetoneum,
651 1959 684 2020 et
697 1953 758 2020 sub
776 1953 873 2022 certis
889 1953 985 2022 metis
1001 1951 1143 2034 rudique
1159 1972 1235 2020 con-

95 2059 210 2127 tineri.

96 2256 588 2322 &nemorumnemorum
606 2255 896 2321 adomtnylevstsool,
927 2257 1001 2308 mint
1027 2257 1141 2307 fentebb
1176 2261 1234 2307 160.

578 2345 654 2396 sntm
674 2343 765 2408 nlstt.)

633 3167 708 3236 180.

34 3355 40 3366 ¹
86 3365 126 3433 A
140 3367 238 3454 poesi
253 3365 485 3454 kdptcluonok
501 3364 776 3453 ὂίιοπῃεάρῖουείο,
808 3370 893 3459 boqy
920 3368 1055 3434 Mdrtbu
1085 3391 1233 3458 asezony·

81 3473 165 3539 mk
180 3473 294 3538 [swein
309 3495 408 3540 eomes
424 3475 623 3559 dzoeqydcek,
644 3475 697 3558 fia
722 3476 831 3544 Baldo
854 3477 937 3543 obal
961 3471 1055 3564 ftrje
1078 3479 1232 3565 jaocibdt

337 3581 423 3646 mind
437 3583 579 3668 tdryyok
595 3581 731 3648 aduttuk
745 3585 861 3651 cicccc.
885 3585 984 3651 1277.

83 3779 132 3840 (A
156 3777 224 3842 gros
238 3778 328 3844 Zicby
346 3777 439 3830 narso
458 3775 653 3846 Okmdnytdrn
670 3781 693 3832 1.
706 3781 765 3831 kot.
786 3785 829 3832 38.
850 3783 869 3832 1.
890 3781 1029 3847 Vdgbelyi
1054 3781 1145 3832 Denso
1166 3782 1234 3833 kbz·

594 3870 742 3936 lemdnye.)
