3190 5190
14 1179 16 1246 ζ
87 1152 251 1240 Azoprdbi
266 1154 490 1239 lapidarunt
506 1152 787 1240 bizonysatpleoete‚
809 1153 893 1238 kopp
925 1153 1042 1218 David
1071 1151 1197 1220 Porrect-

14 1287 15 1290 ’
83 1261 190 1345 ookflo
204 1259 338 1346 zdprdbi
363 1261 497 1326 marmot
522 1259 630 1325 eladio
660 1261 753 1326 Potor
783 1259 920 1346 adpraei
943 1255 1193 1346 ftesperestaek.

14 1379 15 1416 ἒ
585 1369 683 1434 1272.

182 1562 340 1626 (skaleeios,
360 1562 484 1614 Monam.
503 1563 568 1614 hist.
587 1563 679 1628 Episo.
699 1564 819 1629 Zagrab.
838 1564 861 1613 1.
882 1563 941 1615 leot.
966 1567 1024 1612 161.
1044 1565 1090 1628 1.).

497 1848 764 1860 —u——r-

604 2273 657 2340 67.

77 2467 304 2537 ΑΙωνεειίεεεΙσ
332 2473 520 2556 easterpami
545 2471 772 2556 konoentjonek
802 2469 1076 2558 bizoayeciplevele‚
1107 2469 1190 2557 hopy

79 2573 160 2640 Saeat
173 2577 247 2661 Pol,
276 2577 424 2661 Doroplr,
456 2579 487 2642 os
505 2578 599 2665 epyob
614 2576 780 2664 helyaepaio
796 2579 946 2643 hatdroit
970 2578 1119 2665 illetlllep,
1151 2601 1191 2644 aa

78 2686 249 2769 materpami
262 2684 404 2750 sraettet
419 2686 451 2748 eo
467 2683 686 2769 kdptalaeaal
711 2684 837 2750 betam
862 2684 1064 2770 epyeakedett.
1089 2688 1189 2753 1272.

169 2877 234 2945 Nos
265 2878 369 2944 frater
393 2875 484 2944 Elias
503 2876 661 2961 Magister
692 2884 724 2942 et
740 2879 924 2947 Gonnentus
951 2879 1187 2947 Grueiferorum

79 2981 209 3052 Eoelesie
224 2985 341 3052 Sancti
358 2984 515 3070 Stephani
530 2983 629 3069 Regis
646 2983 686 3054 ds
702 2984 867 3071 Strigonio
883 2985 1104 3071 signitioemns
1121 2987 1192 3070 qui·

14 3069 18 3226 ,
78 3087 128 3154 bns
143 3093 272 3177 expedit
298 3091 459 3159 vniuersis
485 3091 687 3177 presencium
705 3110 762 3176 per
778 3097 932 3180 tenorem,
949 3093 1036 3178 qnod
1052 3092 1129 3160 lieet
1145 3094 1193 3159 in·

14 3227 18 3284 p
77 3199 122 3260 ter
132 3199 346 3265 venerabilem
356 3197 390 3262 in
401 3195 532 3266 Christo
549 3206 676 3282 petrem
695 3198 858 3266 dominum
869 3198 1031 3285 Philipum
1048 3199 1110 3266 Dei
1122 3221 1194 3283 gra·

14 3285 17 3398 i
72 3300 119 3368 eia
132 3303 417 3391 Arohiepisoopum
448 3305 705 3388 strigoniensem
728 3306 938 3390 eiusdemque
954 3307 1016 3373 looi
1033 3305 1192 3375 Comitem

14 3407 16 3530 p
75 3407 257 3496 Perpetuam
275 3431 374 3497 super
390 3413 483 3479 metis
502 3414 575 3479 ville
592 3432 650 3480 sue
664 3413 778 3481 Sanoti
803 3413 907 3499 Pauli,
924 3419 957 3479 et
971 3434 1063 3481 suum
1096 3413 1193 3503 (lapi-

75 3517 163 3583 tulum
179 3539 279 3603 super
295 3519 389 3585 metis
405 3521 647 3604 possessionum
664 3517 750 3607 (lgy)
766 3520 908 3604 ipsorum
926 3521 1057 3604 Dorogh
1074 3532 1192 3593 voeete

14 3531 17 3692 i
75 3625 186 3693 ebnna
215 3635 323 3711 parte,
356 3627 399 3694 ab
414 3627 519 3694 altera
551 3643 626 3693 vero
655 3634 748 3711 parte
779 3626 859 3693 inter
891 3647 950 3694 nos
973 3648 1071 3713 snper
1097 3631 1193 3698 metis

14 3739 16 3810 t
74 3735 306 3814 possessionum
346 3735 494 3802 Eoelesie
534 3740 653 3823 nostre,
693 3734 847 3804 videlieet
887 3734 999 3802 Sanoti
1033 3737 1192 3819 Stephani

74 3858 160 3924 prope
190 3842 316 3910 Villam
331 3841 442 3909 Seneti
468 3841 573 3928 Pauli,
590 3862 630 3909 ao
645 3843 758 3909 Sanetl
774 3841 935 3927 Stephani
952 3842 1061 3927 Regis,
1076 3861 1116 3907 ao
1131 3849 1194 3909 ter-

14 3915 16 3986 i
74 3947 352 4037 reByllerooate,
368 3951 458 4016 onius
488 3948 628 4016 eoelesia
658 3953 755 4016 estin
786 3949 909 4016 honore
941 3949 1040 4016 Beate
1063 3949 1194 4033 Marge-

14 3995 17 4190 i
73 4064 132 4124 rete
145 4057 295 4142 uirginis,
321 4057 355 4121 in
370 4055 544 4140 presencia
560 4055 580 4122 J
583 4054 685 4123 ndieis
703 4057 799 4124 Oarie
814 4057 947 4140 Regalis
965 4055 1033 4122 litis
1051 4059 1190 4125 materie

14 4193 17 4258 p
75 4169 102 4228 et
141 4164 323 4251 questionis
378 4161 541 4231 discordie
577 4181 681 4246 nsque
720 4161 817 4230 modo
858 4162 974 4229 fuisset
1013 4161 1191 4250 suscitata3

14 4259 18 4408 j
70 4277 169 4338 tamen
196 4272 276 4355 quia
308 4269 412 4338 omnis
443 4269 672 4338 oontrouiersie
688 4277 721 4336 et
736 4267 898 4337 disoordie
913 4269 991 4338 sinis
1009 4276 1060 4338 est
1075 4289 1140 4354 pax
1157 4278 1190 4338 et

14 4415 16 4434 ι
73 4380 246 4464 eoncordia,
262 4379 337 4444 ideo
353 4397 448 4463 super
471 4379 565 4446 metis
597 4377 751 4463 litigiosis
783 4375 1001 4462 predictarum
1035 4377 1188 4445 villarum

14 4437 17 4586 i
74 4487 366 4570 etpossessionum,
392 4484 432 4551 de
447 4485 658 4571 permissione
675 4491 707 4552 et
721 4485 887 4554 voluntate
904 4484 1048 4553 eiusdem
1065 4483 1189 4555 Judiois

69 4591 159 4662 ease
174 4594 322 4680 Regalis,
340 4592 382 4659 ad
399 4592 497 4662 talem
514 4594 606 4678 paois
622 4600 655 4664 et
685 4591 857 4662 oonoordie
880 4591 1070 4661 denenimus
1102 4593 1196 4660 unio·
