3142 5198
850 1061 925 1131 390.

323 1257 467 1327 Errsdbet
498 1261 711 1347 kira'lyndrrok
742 1261 875 1328 Omeruo
906 1263 1058 1350 belyee'qet
1084 1265 1242 1353 tdrqyazd
1265 1266 1452 1352 ademriaya

496 1367 597 1436 Joooo
613 1393 726 1451 nomm,
744 1369 898 1455 Sydonoie
914 1372 968 1454 fio
983 1373 1141 1440 ratmot-a.
1174 1374 1272 1438 1288.

428 1563 637 1650 (R)lyzabetb
648 1563 709 1630 Dei
719 1564 832 1648 grauia
846 1567 973 1652 Regina
990 1567 1135 1652 Vugarie
1152 1565 1312 1635 vniuersis
1330 1565 1454 1634 Christi

319 1671 470 1738 fidelibus
494 1690 629 1756 presens
658 1672 814 1757 scriptum
852 1675 1043 1762 inspecturis
1074 1675 1214 1742 salutem
1245 1674 1279 1739 in
1310 1675 1454 1740 omnium

320 1778 492 1847 saluatore.
523 1779 679 1846 Fidelites
711 1787 744 1847 et
776 1783 892 1849 merita
917 1781 1136 1850 subiectorum
1167 1780 1211 1848 ad
1230 1781 1455 1867 ampliandam

320 1887 477 1972 Regulem
517 1887 662 1972 grauiam
694 1887 727 1954 in
759 1887 903 1956 subditis
947 1889 1181 1957 celsitudinem
1222 1889 1361 1974 Regiam
1391 1909 1455 1956 non

321 1993 470 2062 inmerito
500 1993 667 2062 attrahunt
697 2004 730 2064 et
760 1995 911 2084 inuitant,
942 2005 978 2063 ut
1007 1999 1070 2064 hoo
1100 1997 1248 2085 exemplo
1274 1996 1387 2064 fideles
1408 1995 1451 2062 ad

322 2099 512 2186 inquirende
528 2099 615 2188 (lgy)
632 2103 743 2188 graoie
760 2103 972 2188 cupiditatem
988 2103 1089 2171 molto
1112 2103 1233 2173 tornius
1265 2103 1453 2172 aooendan·

324 2215 383 2274 tur.
414 2205 554 2276 Proinde
585 2207 629 2274 ad
645 2210 871 2278 uniuersorum
888 2211 1042 2279 noticiam
1059 2219 1125 2280 tam
1141 2211 1341 2299 preeenoium
1360 2231 1457 2296 quem

324 2315 503 2384 futurorum
520 2315 632 2384 harum
650 2319 737 2384 serie
753 2320 902 2387 volumus
918 2319 1103 2405 peruenire,
1123 2317 1209 2403 quod
1240 2339 1313 2387 oum
1344 2319 1461 2384 Comes

324 2425 493 2493 Johannes
523 2424 609 2492 tilius
641 2423 730 2512 Sydo
761 2425 869 2495 fidelie
901 2435 1011 2496 noster
1041 2427 1172 2495 domino
1190 2426 1359 2511 Stephano
1374 2425 1459 2509 Regi

325 2551 437 2600 sooero
477 2539 587 2599 nostro
626 2531 801 2601 karissimo
843 2533 952 2603 inolite
983 2533 1231 2620 reeordaoionis,
1263 2539 1296 2599 et
1326 2533 1459 2602 domino

325 2637 479 2707 Lndizlao
518 2639 636 2708 illustri
670 2639 754 2724 Regi
784 2642 928 2726 Vngarie
959 2641 1101 2710 consorti
1145 2647 1257 2710 nostro
1282 2639 1464 2726 predileolo

326 2768 365 2814 ao
382 2748 476 2815 nobis
492 2746 632 2834 demum,
648 2747 767 2816 eximie
782 2748 949 2817 fidelitatis
966 2769 1076 2836 opera,
1095 2748 1275 2816 meritoria
1307 2747 1465 2832 obsequia

325 2863 358 2922 et
371 2854 577 2924 fidelissimos
602 2854 776 2924 famulatus
790 2855 825 2923 in
846 2856 986 2926 diuersis
1000 2853 1281 2942 expeditionibus,
1304 2853 1461 2923 articulis,

327 2971 359 3031 et
375 2963 519 3052 negooijs
534 2962 655 3049 Regni;
680 2966 824 3033 maxime
839 2972 873 3034 et
888 2964 1074 3052 speoialiter
1105 2966 1140 3031 in
1172 2964 1337 3052 eonfliotu,
1368 2983 1462 3050 quem

327 3073 413 3140 idem
444 3072 594 3140 dominus
610 3079 720 3140 noster
740 3073 809 3140 Rex
825 3074 969 3142 habebat
984 3079 1099 3145 eontra
1114 3071 1286 3159 perfidiam
1304 3071 1463 3139 Cumano·

327 3202 397 3248 rum
413 3181 518 3268 ipsum
534 3178 677 3248 indebite
707 3183 986 3268 persequentium,
1016 3187 1049 3249 et
1080 3181 1140 3250 sub
1171 3185 1277 3248 eastre
1309 3178 1460 3248 Bacurkn

328 3293 414 3374 tono,
449 3307 522 3354 oum
553 3287 692 3357 eundem
726 3290 908 3376 expugnari
926 3290 1125 3375 fecissemus,
1140 3288 1224 3357 iotus
1240 3289 1415 3357 missilium
1432 3293 1463 3354 et

326 3397 431 3464 iaetus
440 3396 584 3484 lapidum
596 3419 661 3467 non
678 3397 869 3486 formidans,
887 3399 1014 3468 fortune
1030 3399 1165 3468 nasibus
1182 3417 1218 3467 se
1232 3395 1463 3478 submittendo,

328 3502 423 3573 nobis
437 3511 470 3573 et
485 3505 631 3576 omuibus
648 3507 834 3575 Beronibus
850 3527 893 3574 no
902 3507 978 3574 stris
995 3507 1200 3592 cernentibus
1230 3505 1337 3574 winus
1367 3503 1468 3571 letale

330 3598 366 3678 in
381 3631 417 3678 se
431 3613 603 3700 resipiens,
619 3633 678 3698 pro
695 3613 855 3680 fidelitate
870 3613 973 3698 Regio
989 3615 1114 3682 Corone
1131 3613 1243 3682 debita
1258 3611 1468 3680 laudabiliter

332 3720 565 3808 impendisset3
594 3721 628 3789 in
661 3721 1004 3808 reeompensaoionem
1036 3721 1248 3790 seroioiomm
1279 3739 1409 3789 suorum
1439 3725 1470 3786 et

331 3827 523 3896 fidelitatem
540 3848 581 3896 eo
596 3827 690 3896 effusi
709 3829 843 3915 cruoris,
860 3829 1026 3913 quandam
1046 3837 1167 3898 terram
1199 3836 1343 3896 nostram
1374 3825 1469 3911 Regi·

331 3935 438 4002 nalem
470 3937 606 4005 Omersa
639 3943 795 4005 voratam
830 3936 863 4004 in
897 3939 1059 4006 Comitatu
1094 3935 1248 4005 Tolnensi
1278 3937 1470 4004 existentem

331 4040 429 4127 peciit
445 4062 466 4108 a
481 4042 576 4110 nobis
591 4043 655 4111 sibi
672 4043 758 4111 dari.
776 4044 898 4127 Verum
916 4047 999 4131 qrria
1014 4044 1056 4112 de
1065 4045 1223 4128 qualitate
1242 4048 1274 4111 et
1289 4043 1470 4127 quantitate

334 4150 475 4217 eiusdem
508 4159 593 4219 terre
624 4151 721 4219 nobie
760 4152 888 4220 ueritas
922 4151 965 4218 ad
992 4153 1123 4237 plenum
1141 4174 1204 4218 non
1221 4153 1475 4236 consolatore

333 4261 491 4328 uellemus
511 4265 621 4327 nostre
645 4259 843 4328 donacionis
875 4260 986 4329 titulos
1018 4260 1197 4344 vacillare5
1221 4258 1266 4325 ad
1296 4257 1473 4343 pleniorum

333 4368 484 4437 noticiam
526 4367 673 4436 eiusdem
721 4377 803 4436 terre
844 4367 1027 4456 perseooius
1059 4375 1092 4436 et
1123 4369 1254 4436 uberius
1293 4362 1473 4434 babendum

334 4473 483 4545 fidelibus
500 4476 618 4545 nostris
636 4477 785 4562 Capitnlo
802 4476 939 4545 Albensi
958 4473 1108 4544 dedimus
1140 4475 1174 4541 in
1205 4473 1379 4542 mundatis.
1409 4471 1468 4550 Qui

336 4585 429 4650 nobis
459 4585 564 4650 too-ius
596 4589 681 4650 terre
707 4584 899 4668 qualitatem
918 4590 951 4651 et
966 4582 1184 4668 quantitatem
1200 4583 1235 4650 in
1252 4582 1319 4650 suis
1336 4581 1455 4663 reserip

336 4699 448 4762 serunt
463 4689 580 4760 litteris
596 4691 630 4759 in
646 4690 705 4758 heo
727 4692 827 4758 uerba
843 4715 850 4758 :
