3096 5202
1 525 2 530 ἵ
84 529 175 622 pistre
198 540 364 626 Stephano
381 541 447 608 lilio
465 539 623 626 Stephani
641 539 698 625 filij
717 536 848 624 lllycbk,
865 537 896 602 in
914 535 976 604 hac
992 543 1085 624 parte
1102 536 1200 606 silan·

1 673 2 735 j
86 649 162 716 cium
178 648 383 736 imponendo,
415 651 637 717 restituissent
653 654 685 714 et
710 645 955 729 commisissent,
982 647 1108 713 nemine
1134 649 1200 714 alio

85 751 316 822 contradictore
348 755 426 822 inibi
458 755 589 842 penitus
609 761 802 842 apparente,
833 759 990 838 perpetuo
1005 754 1202 838 possidenda

83 869 109 930 et
124 861 286 929 habenda.¹
297 861 421 939 Quibus
437 862 567 949 quidem
585 863 701 930 litteris
717 883 774 949 per
792 861 879 948 ipsos
890 860 1057 930 Prcdiales
1068 862 1202 947 produc-

84 971 130 1056 tis,
161 971 369 1058 seriebusque
385 990 495 1037 earum
513 971 677 1058 perceptis
695 977 727 1036 et
742 969 926 1054 intellectis,
943 967 1055 1036 eadem
1072 970 1204 1040 domina

1 1120 2 1174 3
84 1078 242 1163 dictusque
263 1077 428 1164 Georgius
443 1078 528 1172 filius
546 1100 634 1164 surus,
660 1099 696 1146 se
722 1086 754 1146 et
777 1078 860 1145 alios
876 1077 960 1145 filios
978 1077 1055 1146 dicti
1072 1079 1202 1147 Martini

1 1192 2 1217 ³
83 1186 166 1270 Bani,
182 1191 334 1271 preterea
350 1187 429 1255 dicti
445 1187 612 1256 Prodiales
632 1187 780 1256 similiter
807 1206 842 1254 se
867 1187 910 1253 ad
937 1187 1026 1272 pacis
1051 1187 1203 1256 reforma·

1 1294 7 1378 l,
84 1295 192 1360 tionem
208 1293 241 1359 in
251 1296 424 1378 premissis
440 1295 633 1382 faciendam,
649 1315 705 1381 per
721 1315 781 1362 uos
798 1293 972 1361 transmitti
990 1295 1208 1381 postularunt.

1 1403 5 1418 '
84 1399 141 1479 Qus
156 1422 225 1469 cum
241 1423 302 1471 uos
319 1403 362 1471 ad
381 1402 517 1472 eandem
534 1422 648 1490 pacem
666 1402 848 1470 taciendam
868 1401 1018 1470 benivole
1043 1403 1206 1471 admissis·

82 1533 189 1594 scmus,
220 1512 366 1600 nudem,
398 1511 492 1578 sicuti
525 1510 746 1599 prescribitur,
778 1509 896 1596 prefati
930 1511 1090 1597 Georgius
1115 1513 1204 1580 filius

1 1602 2 1634 ³
84 1620 238 1687 etncbilis
256 1620 392 1686 domina
409 1619 503 1686 Anna
529 1619 643 1686 relicta
674 1617 777 1704 ipsius
809 1617 938 1685 Martini
970 1617 1051 1685 Boni
1085 1639 1142 1704 pro
1167 1640 1203 1686 se

1 1755 2 1793 r
84 1728 302 1815 personaliter,
335 1748 395 1812 pro
426 1727 509 1793 Ders
540 1745 618 1793 uero
636 1733 669 1792 et
699 1727 793 1792 Petro
809 1724 887 1813 filijs
913 1725 1057 1794 eiusdem
1073 1727 1204 1797 Martini

1 1895 2 1914 ,
85 1825 158 1904 ilani
186 1834 285 1922 ijdem
318 1835 391 1902 siue
424 1834 541 1901 litteris
584 1833 823 1919 procuratorijs,
868 1854 1001 1917 quorum
1043 1857 1143 1906 onera
1174 1847 1207 1906 et

1 1984 2 2006 ,
87 1943 218 2029 quelibet
250 1941 458 2028 paramese,
491 1942 518 2009 u
535 1941 598 2028 spu
630 1941 727 2010 simut
759 1942 811 2009 ver
829 1942 957 2008 atesim
978 1929 1208 2032 resuscipis

1 2048 2 2116 i
85 2051 199 2119 resilire
216 2057 248 2118 et
265 2071 307 2118 ea
325 2049 480 2116 reiterare
498 2050 616 2117 uellent
632 2055 663 2114 et
679 2055 880 2134 conarentur,
899 2071 996 2136 super
1012 2071 1048 2119 se
1059 2061 1207 2122 cunctas·
1338 2067 1339 2074 ’

86 2179 140 2243 que
168 2178 276 2227 eorum
311 2157 510 2224 hereditates
542 2161 575 2225 et
591 2155 677 2224 bona
708 2163 900 2242 receperunt
931 2159 972 2226 ab
1005 2180 1069 2227 vna
1097 2171 1211 2246 parte;

4 2252 9 2265 '
87 2266 247 2350 siquidem.
271 2285 313 2331 err
346 2265 452 2334 altera
481 2263 596 2350 prelati
626 2264 716 2332 Elias
751 2265 954 2353 Benedictus,
995 2268 1136 2338 Briccius
1177 2277 1210 2338 et

86 2373 189 2440 Lachlr
219 2371 401 2458 Predisles,
434 2393 492 2460 pro
509 2393 544 2439 sc
561 2373 711 2440 similiter
732 2373 957 2459 personaliter,
975 2394 1034 2459 pro
1052 2376 1206 2461 predictis

87 2503 155 2550 uero
171 2481 246 2568 alijs
264 2479 482 2567 predialibus,
498 2501 569 2546 cum
602 2481 789 2567 prescriptis
820 2484 1052 2570 procuratoriJs
1082 2485 1209 2574 litteris,

87 2589 179 2658 nostri
209 2595 440 2675 comparantes
457 2587 489 2655 in
506 2589 686 2674 prcscucia,
709 2587 861 2656 dixerunt
877 2594 909 2656 et
924 2601 1160 2677 proposuerunt
1175 2593 1209 2663 in

90 2698 165 2766 hune
196 2697 329 2764 modum
347 2720 355 2763 ε
373 2695 459 2778 quod
491 2695 554 2781 ipsi
586 2716 627 2762 ex
657 2696 847 2765 induccione
880 2698 1036 2766 nobilium
1067 2702 1210 2771 virorum

88 2805 307 2890 llagistrornm
329 2803 462 2889 Georgij
478 2803 535 2890 filij
555 2803 640 2870 Petri
656 2803 697 2872 de
713 2805 849 2892 Dombo,
867 2805 1026 2891 Stephani
1044 2807 1103 2894 filij
1122 2810 1209 2877 Petri

88 2911 123 2980 de
137 2911 282 2994 Bochka,
298 2917 329 2977 ct
346 2910 494 2995 aliorum,
509 2929 568 2995 pro
585 2929 665 2994 pace
683 2908 766 2978 inter
782 2931 837 2979 eos
852 2911 960 2980 fienda
979 2912 1208 2998 laboraucium,

87 3020 184 3086 taliter
214 3015 467 3086 concordassent
498 3023 529 3084 et
546 3017 588 3084 ad
605 3024 759 3102 perpetue
785 3021 876 3105 pacis
894 3021 1042 3088 unionem
1062 3022 1212 3092 deuenis-

0 3175 1 3186 κ
88 3134 170 3196 scut:
184 3129 225 3193 vt
241 3131 311 3193 tum
328 3125 519 3212 premissam
536 3145 667 3212 capsam
683 3126 768 3194 inter
784 3147 838 3193 eos
863 3134 984 3196 motam
1002 3135 1034 3194 et
1049 3129 1208 3218 habitam,

21 3286 24 3301 ,
89 3255 175 3320 quam
200 3233 307 3303 eciam
326 3233 409 3301 alias
426 3233 594 3301 uniuersas
610 3238 643 3300 et
658 3234 816 3322 singulas,
833 3233 990 3304 hactenus
1005 3234 1089 3304 inter
1104 3256 1160 3306 ecs
1177 3245 1211 3306 et

90 3342 239 3428 prelatum
267 3341 406 3409 condam
440 3338 622 3409 llardiuum
653 3341 779 3409 Banum
814 3351 946 3412 exortas
961 3350 994 3412 et
1023 3344 1209 3434 suscitatas,

91 3455 244 3537 nmquam
278 3449 404 3535 sopitas
420 3456 452 3517 et
467 3452 629 3535 cassatas,
654 3447 914 3518 condescendere
929 3453 1093 3542 fecissent,
1110 3474 1211 3542 seque

1 3609 3 3642 ,
90 3559 268 3626 alternatim
300 3563 333 3624 et
363 3565 475 3624 mutua
505 3555 741 3643 uicissitudine,
772 3559 947 3645 superinde
979 3563 1145 3649 expeditos
1178 3569 1211 3630 et

1 3717 2 3746 ,
92 3664 188 3735 modis
219 3665 370 3736 omnibus
402 3663 569 3734 absolutos
597 3663 834 3753 reddidissent,
867 3676 1001 3738 cunctas
1017 3677 1049 3738 et
1064 3671 1211 3756 singulas

91 3775 228 3841 causales
259 3773 398 3861 litteras,
429 3773 567 3842 ubilibet
598 3773 658 3842 sub
689 3773 859 3858 quibusuis
890 3777 1059 3846 uerborum
1100 3775 1212 3846 formis

1 3868 5 3934 l
92 3879 272 3951 alterutrum
303 3880 478 3967 contectas,
506 3880 634 3966 inanes,
664 3881 877 3972 friuolasque,
910 3890 942 3951 et
979 3883 1214 3953 exhibitoribus

1 3982 4 4046 l
93 3987 243 4058 uocitiuas
259 3986 490 4075 relinquend03
513 4008 589 4075 ymo
613 3987 858 4074 concordarunt,
889 3991 1100 4077 supersedere
1129 3990 1213 4060 fece·

1 4123 2 4176 p
92 4101 168 4183 runt,
198 4102 379 4183 cessarunt,
412 4102 446 4164 et
460 4095 691 4166 mortificarunt
708 4117 816 4165 coram
832 4097 926 4166 nobis
943 4097 1089 4169 articulis
1106 4096 1213 4168 mode·

8 4263 13 4274 ,
95 4200 246 4270 ruminum
277 4200 427 4288 specifice
458 4201 608 4288 adiectis,
640 4201 727 4285 quod
758 4203 823 4290 ipsi
853 4203 1026 4293 Georgius,
1067 4205 1151 4276 Ders
1182 4211 1216 4274 et

1 4300 3 4322 ⁸
93 4307 197 4377 Petrus
227 4309 300 4398 filij,
332 4329 391 4379 nac
422 4329 484 4377 nou
518 4309 634 4379 nobilis
666 4310 802 4378 domina
820 4308 917 4379 Anna
953 4314 1067 4380 relicta
1097 4313 1215 4401 prelati

94 4412 214 4484 Martini
229 4417 327 4503 Bani,
347 4417 556 4502 ipsorumque
588 4414 725 4486 heredes
757 4423 786 4484 ct
822 4421 1031 4503 posteritates
1062 4421 1217 4509 uniuersi,

1 4520 4 4610 l
95 4524 281 4614 prescriptos
314 4523 420 4592 Etiam
454 4525 612 4594 Comitem
642 4525 854 4615 Terrestram,
884 4527 1034 4614 aliosque
1049 4529 1215 4600 Prodiales

1 4693 3 4742 ί
96 4621 127 4700 lu
143 4629 359 4728 superioribus
385 4631 579 4708 nominatim
612 4633 823 4730 conscriptos,
855 4637 888 4710 et
919 4634 965 4704 eis
996 4635 1216 4736 succedentes,
