3190 5190
673 997 724 1065 ib.

142 1195 209 1260 IV.
234 1197 351 1263 Lade
365 1195 547 1282 kirdlynok
563 1193 657 1260 Sabat
673 1195 806 1281 Mtbotp
830 1197 986 1283 belyoepet
1018 1197 1174 1283 teirpyaab
1204 1197 1278 1262 ado·

252 1309 373 1388 metopo
389 1302 480 1369 Jaab
495 1299 730 1388 nemzetse'pbeli
747 1298 878 1388 Obepda
893 1308 1054 1370 eadmero.
1074 1303 1169 1370 1273.

254 1499 429 1566 budizlaus
444 1497 505 1564 Dei
522 1496 635 1582 graeia
654 1495 835 1584 Hungarie,
853 1497 1035 1581 Dalmaoie,
1052 1497 1196 1586 Oroaoie,
1212 1499 1276 1565 Ra·

143 1627 209 1691 me,
224 1604 347 1691 Seruio,
364 1603 518 1688 (tallioie,
535 1601 737 1700 bodomerie,
757 1602 921 1687 (iomanis,
951 1603 1172 1688 Bulgarieque
1203 1604 1273 1673 Rex

138 1712 307 1782 uniuersis
338 1710 461 1779 Christi
491 1709 642 1778 fidelibus
673 1715 860 1796 presentem
891 1710 1046 1795 paginam
1077 1710 1274 1797 inspeotnris

141 1821 284 1888 salntem
300 1820 333 1885 in
351 1839 399 1905 so,
417 1819 474 1901 qui
490 1819 634 1903 Regibus
650 1819 788 1886 salutem
807 1817 974 1903 elargitur.
994 1817 1128 1902 Regalis
1160 1819 1273 1903 benig·

146 1927 263 1995 nitatis
277 1925 460 1995 sublimitas
476 1931 565 1993 reete
582 1943 725 2012 pensans
740 1924 913 1994 libramine
928 1926 1044 1992 merita
1058 1925 1270 2011 singulorum,

144 2043 180 2102 et
194 2034 336 2102 maxime
351 2034 490 2120 illorum,
507 2051 588 2115 qnos
604 2035 688 2100 sieut
702 2032 851 2117 generosi
870 2031 1039 2116 sanguinis
1056 2031 1218 2117 nobilitas,
1235 2039 1267 2100 et

144 2133 273 2210 morum
289 2143 405 2209 innata
430 2138 584 2226 probitas,
600 2141 647 2208 sio
664 2147 696 2207 et
712 2141 893 2227 approbate
902 2137 1068 2208 fidelitatis
1085 2143 1274 2209 eoustanoia

145 2267 190 2316 ao
205 2255 410 2317 strenuorum
438 2252 569 2316 actuum
601 2249 808 2332 experienoio
840 2245 1103 2315 commendabilis
1135 2247 1277 2317 eltieiunt

146 2356 265 2424 ceteris
297 2354 476 2441 digniores,
492 2352 568 2420 dum
585 2374 643 2423 eos
657 2354 757 2439 digne
773 2355 997 2424 retribucionis
1012 2355 1168 2423 benefioio
1184 2354 1276 2423 iano-

141 2460 297 2530 rabiliter
311 2461 446 2548 resonet,
479 2460 556 2529 dnm
588 2463 636 2530 eis
666 2461 806 2547 largitur
837 2461 924 2547 quod
955 2469 1127 2549 merentur,
1160 2461 1279 2530 multos

143 2568 276 2637 animos
308 2569 350 2636 ad
366 2565 531 2636 fidelitatis
566 2567 726 2636 leruorem
747 2568 878 2658 exuitat,
896 2578 929 2636 et
944 2566 1145 2655 obsequendi
1163 2568 1277 2655 prebet
1355 2655 1359 2660 Ι

143 2676 345 2762 exemplum,
363 2683 395 2744 et
426 2681 551 2763 prestat
581 2674 798 2744 indubitatam
828 2675 981 2745 iidueiam
1012 2676 1189 2745 seruiendi.
1207 2677 1277 2746 Hoe

142 2785 247 2870 igitur
277 2791 451 2870 pensantes
466 2785 500 2850 in
515 2784 637 2870 animo,
668 2783 730 2850 boo
745 2784 862 2870 Regali
878 2781 1098 2852 moderamine
1114 2785 1148 2851 in
1167 2784 1276 2855 eordis

141 2891 252 2961 nostri
268 2892 473 2959 reuoluentes
488 2891 674 2976 armariolo,
703 2891 823 2958 notioie
852 2896 1040 2959 onnetorum
1072 2891 1278 2977 presentibus

144 2998 357 3066 declaramus
373 3023 381 3065 ε
398 2995 484 3082 qnod
500 3017 573 3066 oum
589 2997 707 3068 nobilis
723 2999 775 3065 vir
791 3004 823 3066 et
836 3004 987 3066 strenuus
1007 2996 1180 3081 Ohepanns
1195 2996 1279 3066 tilius

145 3103 313 3191 Kaumerij
331 3105 373 3172 de
388 3125 509 3191 genere
523 3105 611 3174 Jaak
628 3107 668 3174 ab
685 3106 756 3192 ipso
773 3107 876 3191 primo
893 3105 1071 3173 iuuentutis
1102 3122 1162 3171 sue
1192 3106 1277 3190 prin·

139 3215 234 3298 eipio
266 3232 330 3280 auo
360 3218 484 3300 nostro,
501 3218 533 3278 et
550 3213 634 3300 patri
666 3222 787 3298 nostro,
821 3211 986 3297 quondam
1001 3211 1277 3280 victoriosissimis

144 3320 320 3404 Hungarie
334 3320 492 3404 Regibus,
508 3339 548 3387 ao
563 3319 658 3388 nobis
690 3339 748 3406 per
779 3338 988 3404 consequens,
1004 3340 1047 3387 ex
1077 3319 1280 3387 sommenda-

144 3425 274 3493 bilibus
306 3425 434 3492 aetibus
465 3425 636 3494 meruisset
666 3425 885 3496 diuersimode
903 3428 1116 3514 oomplaoere,
1135 3427 1276 3496 diuersis

138 3549 277 3617 semper
292 3531 425 3616 fulgens
441 3531 629 3602 meritorum
662 3533 845 3620 uirtutibus,
864 3553 927 3617 que
957 3535 1088 3618 longum
1121 3541 1206 3602 esset
1222 3554 1281 3621 per

140 3639 287 3726 :singula
305 3659 468 3724 enarrare,
484 3641 596 3726 abque
613 3647 775 3726 gestorum
792 3642 871 3730 eius,
888 3660 951 3726 que
967 3661 988 3708 a
1003 3649 1096 3726 patre
1112 3648 1234 3728 nostro,
1250 3650 1282 3710 et

144 3767 170 3813 a
186 3744 385 3830 quibusdam
400 3746 584 3817 Beronibus
600 3749 635 3816 iu
650 3749 921 3834 subsequentibus
951 3750 1125 3817 nominatis
1157 3753 1279 3818 veraei·

148 3861 200 3922 ter
216 3851 447 3939 intelleximus,
471 3853 719 3922 admemoriam
745 3859 946 3939 posterorum
967 3858 1000 3921 et
1016 3851 1281 3922 informacionem

141 3960 286 4027 aliorum
319 3959 524 4044 presentibus
555 3959 708 4030 iussimus
737 3968 904 4030 annotare.
951 3961 1093 4028 Primum
1123 3961 1281 4046 siquidem

145 4073 346 4137 memoratus
365 4073 459 4152 pater
474 4073 586 4136 noster
600 4071 792 4155 propulsare
809 4068 924 4136 volens
939 4067 1091 4136 iniuriam
1107 4087 1167 4156 per
1182 4065 1282 4136 Otho·

144 4195 263 4244 eorum
279 4175 474 4242 Boemorum
499 4176 622 4260 Regem
652 4177 714 4244 sub
745 4195 805 4262 spe
830 4175 983 4245 simulate
1013 4177 1107 4262 paois
1137 4175 1282 4243 finitimis

5 4290 16 4305 ⁶
145 4282 297 4371 partibus
313 4287 398 4350 terre
413 4301 471 4354 sue
487 4282 680 4371 irrogatam,
692 4304 765 4353 oum
783 4282 977 4370 Gregorium
998 4287 1076 4351 tuno
1091 4281 1282 4368 Magistrum

144 4387 407 4458 Taaarnieorum
423 4387 553 4457 domine
570 4390 695 4476 Regino
711 4389 885 4460 karissime
899 4391 1013 4459 matris
1033 4395 1144 4459 nostre
1176 4387 1283 4459 castri

144 4496 274 4584 Ferrei,
307 4495 425 4564 Ponith
442 4496 568 4566 Banum
595 4499 832 4586 Zaladiensem,
849 4499 961 4586 Erney
977 4502 1104 4570 Bannm
1119 4498 1283 4570 Worosdi-

142 4625 275 4693 ensem,
289 4603 484 4692 Dyonisinm
500 4607 602 4677 tilium
622 4607 757 4696 Georgij
776 4606 816 4676 de
847 4607 1026 4678 Morouoba
1056 4607 1205 4692 uenires,
1221 4627 1281 4677 neo

141 4733 217 4782 non
234 4711 426 4798 chepannm
441 4701 543 4784 lilium
559 4714 735 4819 Kazmerij,
754 4735 892 4786 meeum
902 4715 980 4801 alijs
994 4715 1099 4801 Regni
1116 4713 1282 4786 nobilibus
