3142 5198
909 941 988 1010 413.

386 1135 451 1206 III.
469 1139 580 1204 Endre
595 1137 706 1227 kirtly
721 1140 902 1229 meqerdelts'
918 1141 991 1206 Aba
1006 1143 1241 1227 nemzetsdpbelc‘
1260 1139 1384 1206 Omodt
1395 1110 1500 1206 cddcrt

650 1245 723 1332 Ucp
739 1251 911 1333 udrmappe
925 1247 1130 1314 birtokddon.
1158 1252 1259 1314 1290.

493 1441 642 1509 Andreas
658 1441 719 1510 Dei
736 1443 849 1526 gracia
864 1441 1039 1531 Hungarie‚
1063 1443 1243 1529 Dalmacie,
1270 1445 1417 1530 Croacie,
1447 1445 1502 1508 Rc

386 1570 448 1634 me,
464 1548 588 1636 Seruis,
606 1547 755 1637 Gallicis,
775 1551 973 1634 Lodomerie,
999 1548 1164 1636 Cumanie,
1196 1552 1420 1636 Bulgarieque
1443 1552 1504 1616 Rex

385 1659 534 1726 omnibus
564 1655 684 1724 Christi
715 1655 866 1723 fidelibus
882 1663 1047 1740 presentes
1063 1657 1193 1726 litteras
1208 1657 1410 1743 inspecturis
1425 1657 1502 1724 salu-

386 1775 453 1832 tem
486 1763 519 1829 in
550 1762 693 1830 omnium
724 1764 896 1830 saluatore.
920 1762 1051 1830 Summa
1075 1763 1197 1831 milicie
1214 1766 1285 1832 laus
1301 1771 1363 1848 est,
1398 1761 1504 1829 Cerere

386 1869 472 1960 (lgy)
489 1873 591 1956 Regia
607 1881 639 1939 et
655 1870 851 1939 utilitatibus
876 1871 925 1938 rei
950 1873 1080 1954 publice
1111 1872 1326 1940 ministerium
1360 1869 1504 1938 exhihere

385 1981 490 2065 Regia
506 1978 731 2047 munificencia
752 1977 945 2064 dignissimi,
970 1999 1050 2064 quos
1066 1999 1131 2046 uon
1146 1981 1320 2065 perterruit
1336 2000 1398 2065 pro
1412 1978 1505 2060 Regia

386 2088 559 2154 Maiestate
575 2084 747 2154 diuersitas
764 2087 814 2154 uel
830 2087 1011 2154 aduersites
1027 2087 1203 2157 molanum.
1226 2087 1371 2156 Proinde
1387 2073 1432 2152 ad
1446 2085 1507 2152 mi·

387 2215 554 2264 uersurum
579 2195 733 2261 noticiam
758 2201 823 2260 tam
840 2195 1041 2279 presencium
1057 2215 1154 2278 quam
1184 2195 1367 2262 futurorum
1400 2193 1507 2261 harum

387 2306 472 2372 serie
488 2303 637 2371 volumus
653 2302 823 2388 peruenire
840 2327 848 2367 ε
864 2300 950 2387 quod
965 2299 1125 2370 Omedeus
1141 2303 1312 2371 Palatinus
1329 2303 1372 2371 dc
1398 2319 1508 2388 genere

388 2414 467 2496 Aba,
484 2432 579 2494 quem
596 2429 652 2478 sue
668 2411 917 2499 spectabilitatis
934 2412 1054 2478 attollit
1070 2413 1173 2498 origo,
1189 2413 1232 2479 ad
1249 2419 1397 2480 nostram
1423 2429 1507 2476 acce·

388 2517 467 2586 deus
483 2519 686 2602 presenciam
703 2518 850 2585 exhibuit
865 2518 982 2588 Nostra
1011 2519 1112 2603 Regis
1143 2519 1307 2586 Maiestati
1341 2515 1509 2603 priuilegia

388 2624 510 2692 (lumini
525 2624 629 2692 incliti
644 2625 744 2709 Regis
760 2624 917 2713 Ladizlui,
933 2623 1099 2692 karissimi
1109 2625 1266 2711 patruelis
1275 2625 1393 2692 fratris
1403 2621 1508 2706 nostri,

388 2738 422 2802 iu
438 2736 554 2820 quibus
568 2733 709 2802 uidimus
727 2735 893 2821 contineri,
910 2733 997 2817 quod
1013 2733 1099 2800 idem
1116 2731 1280 2802 Omedeus
1296 2740 1375 2819 post
1391 2733 1506 2799 obitum

387 2843 510 2912 domini
525 2843 631 2911 incliti
645 2840 746 2927 Regis
756 2839 923 2925 Stephani,
941 2840 1128 2908 cumadhuc
1139 2841 1244 2909 dictus
1254 2842 1325 2906 Rex
1336 2838 1509 2908 Ladiulans

389 2957 518 3038 propter
534 2949 689 3034 puerilem
706 2957 824 3018 etatem
841 2969 906 3015 non
923 2955 1034 3033 posset
1049 2949 1092 3014 ad
1107 2949 1239 3033 plenum
1257 2955 1327 3014 tam
1361 2949 1430 3014 late
1459 2964 1508 3028 pa-

388 3058 487 3125 tentis
502 3057 608 3140 Regni
624 3057 757 3124 elimata
781 3058 970 3141 gubernare,
1003 3055 1176 3140 multisque
1206 3053 1454 3122 calamitatibus
1483 3059 1509 3116 et

389 3163 560 3250 pressuris,
593 3162 767 3248 presentim
783 3162 893 3246 preliis
909 3165 1073 3230 intestinis
1088 3163 1192 3248 ipsum
1208 3162 1357 3246 Regnum
1385 3161 1511 3242 Hungu-

390 3273 436 3339 rie
451 3268 571 3356 passim
586 3271 657 3335 siue
672 3269 800 3335 delectu
817 3268 927 3351 aliquo
943 3277 1125 3339 vastaretur
1142 3295 1149 3335 :
1167 3270 1252 3336 idem
1270 3267 1438 3336 Omedeus
1455 3269 1507 3333 Pa-

393 3379 516 3445 latinus
531 3397 589 3463 pro
605 3378 803 3445 sublimitate
828 3378 960 3460 Regalis
986 3376 1142 3446 Culminis
1173 3384 1205 3444 et
1235 3379 1360 3444 honore
1392 3378 1511 3445 Corone

388 3486 526 3554 diuersis
542 3484 784 3554 discriminibus
801 3491 832 3552 et
848 3484 963 3570 prelijs
980 3507 1015 3552 se
1032 3485 1184 3578 obiecerit
1199 3485 1319 3571 pluries
1338 3506 1414 3552 cum
1440 3504 1507 3550 sue

271 3685 272 3690 ἵ
389 3614 459 3659 rum
475 3593 897 3680 multitudinehellatcrum,
930 3593 1015 3661 inter
1031 3613 1094 3677 que
1110 3597 1296 3678 promiscua
1311 3593 1374 3659 fati
1407 3589 1512 3658 discri-

384 3700 477 3766 mina
493 3700 703 3785 precisionem
723 3700 774 3767 sui
791 3698 884 3782 digiti
901 3699 1085 3766 articularis
1102 3719 1218 3766 manus
1234 3700 1368 3765 dextere
1385 3698 1512 3782 excepit

389 3807 512 3874 fortiter
529 3807 711 3874 dimicando
727 3809 840 3874 eontra
856 3805 1050 3875 Othoecrum
1068 3808 1171 3875 eciam
1186 3809 1308 3890 Regem
1324 3806 1461 3873 Boenuc
1478 3805 1514 3868 in

390 3914 600 3998 expedicione
638 3914 792 3999 generali,
823 3915 958 4000 gloriosi
988 3915 1175 3982 certaminis
1207 3913 1343 3982 victorie
1375 3914 1516 3980 finaliter

391 4020 586 4104 assistendo,
618 4022 671 4089 vbi
688 4019 793 4088 dictus
811 4022 878 4088 Rex
901 4023 1033 4090 Boemie
1058 4021 1164 4089 extitit
1196 4024 1427 4107 interemptus.
1467 4019 1513 4086 Ad

390 4131 461 4214 hcc,
477 4149 548 4194 cum
564 4127 753 4195 uniuersitas
781 4128 998 4197 Cumanorum
1030 4131 1064 4196 in
1096 4127 1299 4201 intdelitatis
1329 4129 1511 4196 versuciam

390 4237 585 4320 obrepsisset
601 4241 714 4302 contra
728 4235 834 4321 ipsum
850 4238 981 4320 Regem,
999 4238 1100 4303 tocius
1116 4257 1175 4304 sue
1191 4235 1338 4321 potencie
1359 4235 1510 4302 seniciam

390 4342 569 4438 hostilitate
586 4343 758 4409 barbarica
772 4343 955 4430 excitando,
970 4343 1042 4427 ipsc
1059 4343 1202 4412 Omedeo
1230 4342 1385 4408 Palatino
1419 4344 1511 4408 hlaie

390 4454 469 4518 stati
484 4451 587 4532 Regie
602 4449 788 4539 adherente,
806 4471 943 4537 superna
959 4451 1020 4518 Dei
1037 4449 1259 4518 misericordia
1275 4447 1363 4515 felici
1380 4450 1511 4516 riemrla

391 4553 564 4623 disseeauit
580 4559 702 4642 pariter
719 4565 752 4625 et
768 4560 928 4626 conteruit
953 4557 1132 4626 inmensam
1163 4557 1371 4626 barbaricam
1405 4555 1509 4623 ferite·
