3142 5198
820 389 980 490 Q

336 583 506 652 Albertum
523 583 644 654 Duoem
663 585 792 652 Austrie
808 588 841 652 et
856 583 964 670 Styrie
981 582 1192 673 habebamus,
1208 585 1361 671 impensa
1377 587 1460 653 omni

338 689 508 760 fidelitatis
521 711 593 760 oum
610 687 749 778 feruore,
775 691 809 758 in
825 711 888 777 qno
904 691 1008 759 eoiom
1025 693 1168 760 exercitu
1184 693 1352 764 Johennes
1385 694 1460 761 'deo

336 801 484 871 thonious
500 807 657 888 eognetus
673 821 783 869 eorum
801 801 834 867 in
860 801 1107 887 expugnueione
1138 803 1238 871 castri
1269 803 1376 871 Boros
1408 802 1462 870 fuit

337 909 537 999 interiectum
566 916 600 980 et
614 910 683 978 udin
699 911 841 978 semioie
857 929 967 978 eorum
985 910 1137 997 plurimo,
1168 931 1230 997 que
1254 917 1391 998 propter
1414 910 1460 978 sui

338 1017 575 1088 multitudinem
590 1017 724 1103 longum
739 1036 798 1086 sno
814 1016 911 1087 modo
928 1025 1014 1088 esset
1030 1038 1193 1104 enarrare,
1208 1024 1415 1088 recensentes
1429 1017 1460 1083 in

336 1125 506 1200 animum:
531 1126 711 1214 predictum
742 1133 861 1193 terrum
893 1127 1001 1214 hiber,
1032 1145 1090 1211 per
1120 1125 1241 1194 dietum
1272 1124 1459 1196 horridum

337 1234 460 1320 Regem
476 1231 697 1301 mediantibus
712 1230 901 1318 petentibus
917 1232 1036 1301 litteris
1051 1233 1119 1300 suis
1136 1231 1246 1301 dotem
1262 1234 1461 1322 etooiletem

339 1341 462 1412 eisdem
478 1340 594 1410 Comiti
610 1339 759 1426 Niooleo,
790 1337 961 1426 Werhooh,
996 1339 1157 1409 Contendo
1172 1348 1205 1408 et
1235 1339 1401 1428 Seyfrido,
1430 1349 1459 1416 et

339 1467 449 1518 eorum
466 1447 639 1520 heredibus
657 1447 876 1532 heredumque
891 1467 1024 1516 suorum
1049 1448 1286 1518 suecessoribus
1311 1447 1459 1532 relinqui·

338 1578 419 1638 mus,
433 1561 466 1624 et
481 1558 584 1626 eoium
599 1555 641 1624 de
656 1575 740 1624 nouo
755 1555 948 1623 conferimus
965 1555 1034 1623 iure
1049 1561 1204 1642 perpetuo
1220 1554 1458 1643 possidendum,

339 1685 410 1734 enm
427 1665 575 1734 omnibus
592 1663 787 1734 utilitatibus
802 1669 835 1730 et
860 1662 1068 1748 pertinenciis
1099 1663 1169 1732 suis
1200 1662 1373 1752 uniuersis,
1403 1663 1459 1732 suh

338 1773 460 1842 eisdem
477 1773 572 1841 metis
589 1778 622 1842 et
636 1771 783 1840 terminis
799 1755 952 1860 untiquis,
984 1771 1100 1857 quibus
1125 1773 1199 1858 ipso
1224 1773 1373 1858 primitus
1405 1789 1460 1859 per

338 1881 442 1950 dictos
458 1879 603 1968 hospites
618 1878 725 1948 Custri
742 1880 843 1948 nostri
860 1878 1008 1948 habitate
1023 1879 1200 1949 dinoscitur
1216 1889 1250 1948 et
1264 1898 1460 1967 possessed

339 1989 566 2060 iurisdiooione
582 1987 661 2054 dieti
679 1984 783 2054 Cosiri
799 1994 968 2075 exceptum
984 1989 1115 2075 penitus
1132 1993 1165 2056 et
1195 1995 1388 2074 exemptum.
1424 1987 1459 2054 ln

339 2096 505 2182 ouinsrey
520 2093 706 2161 memorium
724 2099 979 2181 perpetuumque
995 2093 1178 2162 firmitatem
1195 2102 1364 2180 presentes
1394 2115 1460 2163 eon·

339 2203 493 2272 possimus
508 2201 634 2269 litterae
650 2200 814 2288 dupplieis
827 2201 927 2288 sigilli
952 2202 1055 2270 nostri
1080 2201 1256 2270 monimine
1286 2205 1458 2270 roboratos

339 2311 458 2380 Detnm
475 2330 534 2398 per
550 2330 663 2377 manus
680 2309 813 2378 disereti
845 2309 906 2376 viri
938 2309 1088 2395 Magistri
1118 2310 1284 2380 Theodori
1314 2310 1459 2380 Athensis

340 2418 486 2488 Eeolesie
501 2417 672 2505 Proponit,
688 2419 772 2487 Aule
787 2424 896 2486 nostre
912 2416 1196 2507 VieeOenoeiiorij,
1212 2417 1325 2486 dileoti
1342 2427 1373 2486 et
1387 2415 1459 2484 tide·

340 2528 382 2594 lis
398 2523 513 2612 nostri,
528 2545 613 2593 enno
629 2524 761 2594 Domini
786 2526 837 2592 Μο
861 2523 1080 2594 ducentesimo
1111 2525 1323 2612 nonogesimo
1355 2525 1458 2612 primo,

290 2647 293 2658 '
339 2632 528 2705 duodeoimo
567 2633 728 2704 kalendas
766 2635 918 2721 Augusti,
958 2631 1065 2719 Regni
1106 2639 1212 2702 eutem
1244 2631 1347 2702 nostri
1377 2651 1458 2700 euno

339 2740 488 2811 seeundo.

340 2945 479 3006 (Bredetie
498 2943 681 3009 borhtrtydn,
711 2943 867 2994 tehen-zbld
886 2941 1123 3008 selyemzsinbron
1142 2943 1230 3009 fuiggti
1250 2943 1344 3007 peoset
1371 2941 1441 2993 siutt
1557 2959 1561 3000 t

500 3049 517 3084 e
535 3033 641 3088 temese
663 3034 780 3099 berezog
803 3032 957 3100 Bettbytni
977 3031 1072 3084 molid
1090 3031 1306 3098 levtlttirthon.)
