3160 5200
349 481 555 570 priuilegium
571 509 668 574 super
684 492 758 574 ipsa
773 491 963 560 uenditione
981 496 1190 566 eonieremus.
1206 502 1325 570 Datum
1338 506 1370 570 in
1387 506 1471 576 festo·

348 592 441 660 Beati
481 595 635 680 Demetrij
679 600 818 667 martiris
852 621 939 670 anno
972 607 1082 688 graeie
1113 608 1231 675 ΜῦΟΟο
1261 617 1464 696 nonagesimo

347 700 470 782 quinto.

349 895 491 958 (Eredetie
522 902 704 968 bttrhrirtyam
735 907 864 970 melynelr
895 910 947 958 oda
966 917 1095 974 nyomott
1126 914 1249 979 peosetje
1279 919 1426 982 eirenem
1454 934 1476 968 a

522 993 628 1042 stimett.
648 995 765 1059 herezeg
783 997 952 1062 Eszterhtzy
973 1001 1068 1054 esaltd
1088 1003 1301 1070 reverterentur)

778 1303 813 1310 ι...
819 1305 1044 1313 .——-————————

876 1829 952 1900 tut.

352 2030 384 2095 A
407 2029 594 2097 keruazteaek
617 2035 801 2117 eanterpamu'
824 2031 1056 2118 leonuoutjeuek
1087 2033 1366 2120 beoupeopteoete,
1397 2040 1476 2124 lropy

354 2138 488 2206 Zomuru'
511 2137 645 2226 Gytirpy
669 2141 699 2204 6⁸
724 2139 925 2205 riruekttr'rooi
955 2136 1127 2205 Udvurnok
1159 2142 1316 2227 helyeepet
1351 2145 1472 2210 olodtril

514 2246 626 2311 Zuo'rd
650 2247 830 2332 ureateruek,
863 2245 955 2313 Weoh
979 2249 1200 2333 uookdjdaak.
1223 2249 1323 2314 1295.

656 2442 685 2506 Α
902 2441 928 2504 Β
1145 2443 1170 2508 (l

455 2545 571 2613 Frater
601 2544 756 2613 Nicotaus
786 2547 945 2631 Magister
976 2549 1099 2630 Domus
1125 2549 1304 2634 Hospitalis
1339 2559 1373 2618 et
1397 2549 1473 2618 Con-

344 2656 464 2719 uentus
480 2647 712 2719 cruciferorum
729 2652 873 2719 Eoolesie
889 2654 1000 2721 Saneti
1024 2654 1125 2739 Regis
1149 2656 1306 2740 Stephani
1324 2657 1366 2723 de
1397 2657 1469 2724 Stri-

352 2759 450 2842 gonio
482 2759 639 2826 uniuersis
670 2768 837 2842 presentes
853 2759 979 2827 litteras
994 2760 1186 2846 inspecturis
1203 2764 1342 2830 salntem
1360 2767 1394 2831 in
1408 2764 1468 2832 filio

349 2867 497 2954 Virginis
523 2866 680 2934 Glorioso.
713 2863 819 2943 Quum
850 2885 890 2931 ea
921 2887 983 2951 que
1016 2869 1234 2953 temporaliter
1265 2877 1406 2954 aguntur
1432 2889 1468 2935 ne

352 2997 424 3042 eum
457 2981 601 3058 tempore
631 2974 821 3041 dilabantur
852 2975 959 3041 solent
975 2982 1008 3041 et
1032 2975 1151 3044 debent
1166 2978 1279 3062 scripti
1296 2977 1478 3063 patrocinio⁴
1565 3055 1567 3064 A

354 3082 661 3150 communiri:lrino
692 3086 748 3162 est,
780 3079 866 3164 quod
898 3079 941 3146 nd
973 3082 1194 3150 uniuersorum
1226 3085 1378 3152 noticiam
1410 3091 1475 3150 tam-
1565 3067 1567 3090 '

348 3190 551 3276 presencium
582 3208 677 3271 quam
704 3189 882 3254 futurorum
900 3187 1014 3254 harum
1031 3191 1118 3256 serie
1135 3189 1282 3258 volumus
1299 3192 1472 3277 peruenire,

350 3298 437 3382 quod
454 3297 614 3379 Georgius
630 3295 716 3362 filius
732 3294 860 3361 Andree
874 3294 915 3360 de
931 3296 1059 3381 Zomur,
1077 3305 1110 3363 et
1141 3297 1272 3364 domina
1307 3297 1470 3384 ilarguieh

351 3405 468 3473 reliote
492 3402 658 3490 Damyani
674 3401 807 3469 Comitis
825 3423 889 3470 vna
905 3422 977 3469 enm
993 3403 1163 3472 Dominieo
1178 3405 1244 3472 filio
1259 3425 1328 3490 sno,
1346 3406 1470 3472 domina

353 3514 449 3579 Knne
464 3512 577 3578 reliota
593 3510 729 3597 lindree,
746 3509 878 3576 domina
894 3509 1008 3578 Choda
1023 3511 1138 3578 relieta
1154 3512 1269 3578 Cozme
1285 3512 1327 3578 tle
1361 3513 1469 3580 eadem

349 3621 477 3705 Zomur,
511 3617 643 3684 domina
668 3619 810 3684 Muttine
827 3617 939 3684 reliota
953 3620 1102 3703 Mathey;
1127 3619 1265 3704 Blasius,
1282 3620 1471 3705 Lampertus

347 3734 382 3796 et
397 3725 557 3794 Antonius
574 3725 631 3811 filij
650 3725 776 3810 Berke3
800 3723 962 3808 Salomon,
985 3725 1151 3792 lohannes
1169 3732 1201 3792 et
1217 3727 1343 3810 Petrus,
1359 3727 1478 3794 iratres

350 3837 513 3923 ipsorum
536 3833 679 3900 Joeobus
712 3833 799 3899 tilius
830 3833 968 3911 Nioolai,
1000 3833 1186 3919 Stephanus
1211 3833 1471 3903 fitiusrouse‘oe

348 3943 464 4012 eadem
480 3943 615 4019 Zomur;
640 3939 769 4006 Endreo
785 3959 886 4024 gener
918 3940 1036 4026 prefati
1066 3941 1202 4028 Conm03
1228 3949 1260 4009 et
1291 3941 1470 4029 Dyonisius,

346 4052 498 4138 Myehael
531 4069 630 4135 gener
660 4045 776 4133 prefati
807 4047 947 4134 Mathey,
974 4055 1006 4116 et
1022 4049 1139 4116 Petrus
1169 4051 1272 4118 frater
1288 4049 1470 4117 Ybnrhartlr

296 4186 302 4198 “
351 4179 459 4246 gener·
484 4157 628 4224 eiusdem
660 4155 811 4242 Mathey3
838 4175 903 4222 rna
932 4175 1004 4223 oum
1036 4158 1266 4226 commetaneis
1298 4167 1329 4224 et
1360 4156 1472 4225 riunire

346 4270 501 4356 ipsorum,
532 4264 687 4332 videlieet
718 4263 905 4332 nominatim
939 4263 1053 4332 Pouka
1077 4265 1146 4332 tilio
1161 4267 1248 4333 Petri
1266 4267 1308 4335 de
1322 4267 1466 4350 ursam,

348 4375 523 4445 Dominioo
539 4381 572 4440 et
586 4371 736 4439 iohanne
752 4370 828 4454 filija
843 4369 993 4458 Gregorij
1020 4371 1061 4440 de
1091 4371 1205 4441 eadem
1240 4373 1386 4462 Wrsaap,
1416 4372 1470 4458 uui

352 4489 411 4570 pro
442 4503 477 4551 so
509 4490 542 4552 et
570 4501 629 4568 pro
660 4481 817 4563 Gregorio
849 4480 951 4547 fratre
983 4482 1137 4568 ipsorum,
1167 4482 1316 4568 Nioolau
1333 4481 1422 4550 Petro
1436 4489 1467 4548 et

348 4590 532 4674 Yoobfilijs
548 4588 646 4656 Antol
663 4588 704 4653 tle
733 4587 847 4656 eadem
880 4589 1029 4676 Wrsaap,
1060 4589 1156 4658 Petro
1185 4589 1252 4656 filio
1282 4591 1401 4664 Thone
1426 4589 1472 4654 de
