3194 5196
880 903 960 976 488.

323 1112 329 1132 ¹
351 1103 466 1171 Auci
481 1103 708 1192 kdptulcncak
723 1043 1001 1193 ttmyotpleoete,
1033 1107 1116 1194 kopp
1131 1105 1238 1174 Julat
1254 1117 1364 1173 mester
1380 1108 1483 1172 Mori:
1572 1071 1577 1077 ⁸

318 1279 323 1284 ,
347 1209 502 1279 emanet
511 1210 565 1294 fia
581 1210 773 1278 Hareauker
788 1213 820 1278 ea
836 1212 947 1278 chuk
962 1219 1044 1278 neoc
1052 1215 1223 1300 joscdpatt
1238 1213 1404 1299 cencede«
1425 1221 1484 1280 uri·

596 1317 741 1404 certost,
762 1315 910 1386 Ticadar
924 1318 1110 1386 liecestre.
1132 1319 1233 1387 1297.

441 1511 623 1582 'Uniuersis
653 1510 772 1581 Christi
788 1511 937 1582 fidelibus
957 1532 1090 1600 presens
1105 1513 1263 1600 seriptum
1278 1514 1477 1602 inspecturis

347 1619 533 1708 Capitulum
550 1618 698 1688 Ecclesie
714 1620 756 1688 de
779 1621 863 1689 Kew
892 1620 1031 1690 sulutem
1061 1620 1096 1688 in
1128 1621 1273 1690 omnium
1302 1621 1478 1690 saluatore

348 1727 398 1793 ud
430 1727 650 1796 uniuersorum
681 1729 838 1796 noticiam
854 1737 967 1796 tenore
982 1728 1184 1816 presencium
1200 1729 1352 1796 volumus
1366 1749 1480 1815 perne

350 1833 430 1922 nire,
447 1833 534 1919 qnod
549 1833 706 1919 Magister
723 1835 867 1904 Jacobns
898 1835 985 1903 tilius
1015 1833 1149 1902 Comitis
1179 1834 1281 1902 blsrci
1312 1837 1355 1905 de
1385 1837 1480 1924 Iregb
1578 1857 1582 1865 ·

347 1963 457 2010 eornm
489 1940 584 2010 nobis
614 1942 810 2010 constitutus
843 1944 1001 2028 qurusdurn
1031 1943 1256 2028 possessiones
1287 1964 1367 2011 suus
1396 1945 1497 2011 Hac.

347 2050 470 2118 socher
485 2058 517 2118 et
532 2049 648 2118 Zenuk
663 2055 807 2138 vocotus,
824 2070 907 2136 ques
923 2049 1087 2137 predictus
1111 2051 1226 2117 Comes
1256 2049 1353 2118 Merit
1385 2061 1478 2138 poter

346 2177 423 2226 suus
454 2177 512 2244 pro
542 2161 644 2224 morte
674 2154 835 2250 Dominipi
866 2157 962 2224 Greci
992 2154 1103 2223 fratris
1134 2156 1186 2224 sui
1218 2175 1258 2223 ex
1290 2156 1471 2226 consuens

347 2265 470 2333 donnini
486 2265 644 2350 Stephani
659 2263 796 2332 illustris
811 2263 911 2349 Regis
938 2261 1105 2348 Hungurie
1135 2269 1226 2330 tunc
1244 2265 1346 2332 Ducis
1376 2265 1476 2332 Trun-

347 2371 469 2437 silueni
498 2370 607 2436 felicis
635 2368 875 2439 recordacionis
906 2369 1105 2455 possederat,
1137 2369 1220 2437 sieut
1244 2368 1280 2436 id
1296 2370 1427 2438 vberius
1441 2374 1474 2438 in
1584 2404 1585 2407 π

346 2474 492 2543 eiusdem
508 2475 681 2562 priuilegio
698 2477 817 2545 exinde
833 2477 980 2546 coniecto
996 2477 1137 2546 vidimus
1155 2477 1322 2562 contineri,
1348 2477 1475 2544 domine

345 2584 449 2651 sorori
479 2603 547 2672 sne,
562 2583 655 2650 uxori
670 2583 824 2652 videlicet
840 2584 1003 2653 Theodori
1020 2582 1081 2671 filij
1099 2585 1227 2670 Nester,
1244 2603 1304 2670 per
1318 2605 1393 2654 eunt
1408 2588 1474 2653 suis

346 2692 520 2759 heredibus
537 2691 757 2775 heredumque
773 2691 878 2779 ipsius
895 2694 1138 2760 successoribus
1154 2691 1246 2760 dedit
1276 2700 1310 2758 et
1340 2692 1473 2759 donauit

344 2799 416 2867 iure
447 2804 605 2886 perpetuo
635 2807 668 2868 et
683 2799 943 2866 irreuocobiliter
970 2800 1194 2885 possidendos.
1224 2799 1341 2868 Comes
1373 2801 1472 2868 eciem

344 2907 531 2994 Stephanus
546 2905 631 2974 filins
647 2905 804 2974 lobannis
822 2908 863 2974 de
881 2905 995 2974 eodem
1011 2905 1108 2993 Iregb
1124 2914 1240 2974 uetans
1259 2907 1474 2992 personaliter
1587 2897 1588 2906 ’

344 3033 418 3080 cum
449 3013 597 3082 Dionisio
629 3013 698 3080 filio
727 3032 786 3079 suo
802 3033 909 3080 eorem
927 3015 1022 3083 nobis
1039 3013 1116 3082 hnic
1132 3012 1309 3080 donaeiuni
1324 3035 1386 3098 per
1401 3035 1475 3081 eon·

343 3121 417 3189 dem
432 3121 623 3206 Magistrum
639 3120 797 3188 Jacobum
814 3121 901 3188 fecte
917 3141 1110 3190 eonsensum
1143 3122 1272 3207 prebuit
1302 3127 1335 3189 et
1365 3139 1474 3189 essen
1587 3189 1588 3196 ,

341 3249 422 3296 sunu.
452 3230 491 3294 In
507 3230 596 3297 onius
614 3230 662 3297 rei
678 3229 897 3296 testimonium
929 3236 1096 3316 presentes
1128 3227 1349 3298 concessimus
1364 3231 1475 3314 sigillo

343 3341 454 3401 norbo
484 3337 653 3404 roboratos
683 3344 717 3404 et
747 3335 946 3423 alphabetho
988 3339 1170 3422 intercisos,
1210 3356 1298 3404 euno
1342 3335 1475 3403 Domini

341 3440 513 3510 millesimo
544 3442 612 3510 00⁰
643 3445 853 3527 nonogesimo
884 3445 1031 3528 septimo.
1062 3443 1226 3529 Magistris
1252 3443 1345 3534 Lucu
1357 3445 1476 3529 Propo

341 3552 414 3636 sito,
432 3551 526 3619 Petro
557 3551 704 3638 Loctore,
740 3553 913 3620 Valentino
945 3552 1096 3636 Contere,
1133 3549 1290 3620 Gabriele
1321 3547 1474 3634 Custode,

342 3657 522 3742 ceterisque
538 3658 691 3726 frutribus
709 3659 743 3726 in
759 3659 906 3726 Eccletia
921 3658 985 3728 Dei
1000 3658 1224 3726 existentibus.

339 3855 379 3917 (A
396 3854 457 3907 lto-i
476 3856 670 3922 kdptslsnnsk
691 3861 767 3906 1424.
789 3857 835 3906 »in
853 3857 924 3907 testo
943 3855 1156 3921 Assumpcionis
1173 3855 1302 3920 Virginis
1328 3855 1474 3908 clariore«

341 3945 527 3997 »Benedictus
547 3949 637 3997 dictus
656 3945 744 3996 Erdds
765 3945 799 3997 de
819 3945 1022 3996 Dienesielwut
1042 3943 1475 4004 kereserekiadottdtiretibbl;

338 4035 470 4098 melynek
480 4035 647 4086 hitelesltett
658 4035 799 4086 minutato
811 4035 947 4086 driztetils
957 4049 973 4086 a
984 4029 1069 4086 budai
1080 4036 1132 4086 kir.
1139 4033 1267 4085 kannensi
1277 4033 1475 4098 leveltdrben)
