3190 5190
883 235 1042 345 „reu-

401 457 510 514 sornm
526 436 570 510 ad
585 460 701 510 manns
717 444 847 510 nostrae
871 441 992 526 Regias
1024 438 1196 508 deuolutus
1227 436 1348 506 eisdem
1380 427 1456 522 lilijs
1474 431 1519 502 de

402 571 487 621 nouo
502 557 535 618 et
552 549 659 619 denuo
675 549 877 636 contulisset,
909 548 1072 636 iidemque
1087 546 1145 632 filij
1162 545 1312 632 Magistri
1341 541 1451 613 Jakch
1478 545 1523 612 rui

404 659 552 744 legitima
567 658 672 743 Regni
688 656 790 728 nostri
805 656 1050 743 consuetudine,
1084 655 1254 722 uniuersas
1271 645 1441 740 porciones
1456 671 1519 739 pos·

403 767 617 836 sessionarias
648 765 793 834 eiusdem
824 765 996 852 Stephani,
1039 765 1121 831 duas
1153 759 1266 848 Korou,
1313 760 1521 846 Denthelelre,

403 875 550 963 Wyfalu,
568 873 670 958 sude,
702 873 797 960 Sam,
827 873 923 940 Mach
939 880 972 941 et
990 910 1031 921 --
1047 913 1091 925 —-
1106 871 1151 959 yh
1167 877 1301 939 vocatas
1333 871 1399 938 stb.
1431 867 1523 934 statui

405 982 516 1052 lacere
531 981 595 1051 sibi
611 981 796 1051 voluissent
810 983 873 1050 stb.
897 981 1013 1048 Petrus
1046 981 1087 1048 de
1116 980 1212 1066 Bym,
1243 979 1372 1046 nobiles
1404 975 1524 1044 dominc

407 1091 519 1158 relicte
534 1089 697 1160 Juhcuuis
713 1090 792 1188 dicti
805 1090 902 1178 Olah,
925 1098 960 1157 et
976 1091 1062 1156 Petri
1078 1088 1137 1174 filij
1155 1087 1289 1174 Tharne,
1314 1107 1354 1154 ac
1370 1085 1523 1172 Stephani

405 1197 484 1265 dicti
499 1197 626 1265 Messer
642 1196 912 1265 contradixissent
927 1197 989 1266 stb.
1005 1197 1037 1282 (s
1053 1215 1091 1262 an
1108 1195 1205 1262 innen
1216 1191 1388 1282 eredtper)
1407 1191 1452 1260 ad
1463 1212 1524 1278 pre·

405 1311 516 1372 sentes
533 1309 668 1374 octauas
684 1304 758 1373 sesti
774 1304 1044 1391 prphaniarum
1059 1301 1189 1370 Domini
1200 1304 1260 1369 eth.
1279 1300 1521 1387 (ttrgyaltatott

406 1412 494 1497 moly
510 1409 735 1500 atkulommul)
752 1412 820 1480 Nos
836 1431 975 1478 ruacum
990 1409 1137 1492 Proiectis,
1153 1410 1335 1476 Beronibus
1348 1414 1380 1475 et
1391 1407 1532 1480 Proceri,

409 1521 472 1587 bus
487 1518 593 1604 Regni
607 1519 711 1586 nostri
727 1539 824 1606 super
840 1521 1007 1603 premissis
1023 1519 1108 1586 inter
1122 1517 1285 1604 predictas
1302 1524 1412 1602 partes
1422 1535 1527 1583 seeun-

411 1626 488 1693 dum
504 1627 609 1713 Regni
625 1628 725 1696 nostri
742 1625 1008 1694 consuetudinem
1025 1626 1240 1712 approbatam
1267 1624 1431 1690 iuetieiam
1457 1643 1527 1708 pan-

407 1733 484 1800 dere
501 1737 709 1821 cepissemus,
742 1755 817 1801 mox
834 1733 1000 1801 Jchaunes
1016 1733 1104 1800 lilius
1121 1731 1248 1799 Nicolai
1264 1731 1324 1815 lilij
1358 1730 1473 1815 Trepk
1500 1732 1529 1796 in

409 1859 481 1927 sua,
514 1861 554 1908 ao
569 1841 679 1926 Trcplr
696 1841 807 1910 fratris
822 1843 872 1908 sui
888 1841 1017 1928 uterini,
1050 1860 1192 1907 necnon
1209 1839 1301 1906 Pauli
1329 1838 1385 1924 lilij
1415 1837 1529 1904 Mathe'r

410 1947 469 2034 filij
487 1948 575 2015 Petri
591 1950 647 2034 filij
665 1951 809 2018 eiusdem
824 1949 933 2035 Treplr
950 1951 1035 2034 stb.;
1059 1951 1137 2017 item
1155 1947 1320 2034 predictus
1345 1946 1526 2032 Stephanos

407 2055 495 2123 filius
511 2057 670 2124 Johannis
686 2058 742 2147 filij
762 2057 920 2144 Stephani
951 2056 1007 2141 filij
1041 2055 1176 2124 antefati
1207 2054 1327 2143 Trepk,
1349 2055 1386 2121 in
1420 2056 1529 2121 Nostre

409 2162 622 2232 Oelsitudinis
639 2171 833 2250 exurgentes
848 2166 1062 2246 Preseuciam‚
1079 2159 1198 2230 Nostrc
1210 2163 1372 2230 Maieststi
1384 2171 1530 2230 curarunt
1585 2166 1587 2169 ’

407 2268 600 2357 siguificare,
618 2271 706 2354 quod
722 2273 784 2340 stb.
800 2292 835 2338 se
851 2272 1032 2340 immiscere
1048 2274 1227 2340 niterentur
1238 2277 1529 2357 canseprenotate;

412 2397 488 2446 nem
503 2378 592 2445 dicte
607 2381 769 2466 possessio
784 2380 1037 2468 Felseukulked
1053 2381 1086 2447 in
1102 2402 1167 2463 qua
1193 2381 1333 2448 eeclesia
1352 2381 1384 2447 in
1412 2382 1530 2447 honore

410 2484 504 2552 Beati
520 2485 651 2554 Andrec
665 2487 813 2575 Apostoli
831 2495 917 2556 esset
932 2495 1127 2576 constructe,
1158 2489 1293 2574 prefatis
1310 2488 1447 2554 condam
1465 2487 1528 2556 Ste

408 2593 519 2677 phano
535 2600 568 2660 et
584 2593 650 2661 filio
667 2594 747 2680 eius,
765 2615 825 2664 nee
841 2615 905 2661 non
922 2595 1075 2681 predictis
1094 2596 1386 2663 contradictoribus
1405 2594 1437 2661 in
1449 2595 1530 2661 nullo

411 2700 588 2786 pertineret
604 2722 664 2770 nee
680 2703 812 2772 deberet
828 2705 1000 2792 pertinere,
1032 2705 1091 2773 sed
1107 2706 1154 2771 eis
1171 2712 1203 2771 et
1230 2725 1341 2772 eorum
1368 2703 1532 2789 predeces-

411 2807 542 2877 soribus
558 2809 781 2896 vigorosornm
797 2831 838 2879 ac
852 2813 1106 2880 firmissimorum
1131 2813 1417 2880 instrumentorum
1447 2815 1531 2881 roho

413 2917 502 2984 ribus
518 2937 646 3004 semper
662 2925 695 2986 et
710 2921 752 2986 ab
767 2920 900 3006 antiquo
917 2921 1126 3006 pertinuisset
1142 2926 1174 2986 et
1190 2941 1275 2988 nunc
1301 2921 1436 2988 deberet
1468 2940 1531 3006 per-

414 3026 527 3093 tinere.
552 3023 617 3093 Vbi
633 3027 665 3092 in
682 3025 816 3095 instanti
833 3028 971 3112 quedam
1004 3027 1067 3095 duo
1100 3028 1272 3113 priuilegia
1304 3050 1401 3095 vnum
1433 3026 1533 3096 inoliti

412 3131 573 3218 Principis
589 3133 709 3201 domini
726 3133 876 3202 Ladislai
891 3135 993 3220 Regis
1009 3134 1146 3222 predicti
1161 3137 1267 3220 Regni
1285 3137 1455 3220 Huugarie
1466 3155 1533 3221 pro

409 3242 477 3312 tani
492 3243 605 3324 nostri,
617 3249 651 3312 et
666 3243 754 3313 aliud
770 3244 901 3314 Andree
911 3245 1010 3329 Regis
1021 3247 1084 3312 sth.
1095 3247 1214 3314 Nostre
1225 3243 1435 3313 celsitudinis
1449 3245 1535 3312 obtu-

409 3351 457 3417 tui
472 3349 652 3434 producere
667 3359 858 3436 satagerunt
873 3353 935 3422 stb.
965 3352 1089 3431 Quarto
1111 3352 1274 3437 siquidem
1291 3353 1420 3421 seilicet
1435 3354 1534 3439 ipsius

413 3455 600 3525 (lonnentus
616 3458 833 3545 Symigiensis
850 3458 932 3529 seria
962 3460 1106 3529 secunda
1137 3463 1285 3546 proxima
1314 3469 1389 3547 post
1420 3462 1535 3530 testum

411 3563 505 3633 Beati
520 3565 628 3652 Egidij
646 3566 782 3636 Abbatis
800 3587 886 3635 anno
902 3569 944 3636 ab
962 3568 1195 3638 Ineamaoione
1226 3570 1367 3637 Domino
1400 3572 1450 3636 Μο
1481 3577 1537 3636 tre·

411 3671 586 3742 centesimo
601 3675 808 3761 sexagesimo
824 3675 961 3761 septimo
978 3675 1125 3744 confecta
1157 3685 1302 3744 tenorem
1332 3678 1537 3760 quarundam

412 3781 549 3850 aliarum
566 3783 746 3851 litterarum
764 3783 909 3852 eiusdem
925 3786 1111 3854 Oouueutus
1141 3783 1263 3853 ΜΟΟΟο
1293 3785 1539 3870 septuagesimo

411 3897 504 3956 sexto
520 3890 739 3959 confectarum
755 3892 797 3960 de
813 3895 910 3961 uerbo
927 3895 971 3960 ad
988 3893 1120 3960 uerbum
1137 3894 1366 3979 transcriptiue
1400 3901 1434 3960 et
1466 3915 1539 3961 con·

411 3997 573 4064 firmatiue
588 3998 623 4064 in
639 4019 675 4068 se
690 4000 816 4069 habens
835 4001 1086 4069 manifestabat:
1105 4000 1189 4087 quod
1206 4003 1320 4087 'Prepk
1336 4001 1424 4071 filius
1436 4003 1540 4072 Comi·

410 4104 452 4172 tis
467 4105 630 4176 lobannis
647 4108 702 4193 filij
720 4111 799 4197 Isyp
814 4111 1027 4198 personaliter
1044 4111 1174 4198 abnue,
1190 4116 1283 4195 parte
1296 4112 1541 4180 neroabalters

410 4213 553 4283 lacobus
568 4221 601 4283 et
616 4215 735 4285 Jakow
751 4203 869 4288 fratres
884 4219 1027 4287 eiusdem
1044 4218 1103 4304 filij
1121 4218 1256 4286 Herrich
1274 4219 1315 4285 de
1348 4220 1430 4286 villa
1460 4219 1541 4286 Kul-

410 4321 475 4390 ked
492 4343 602 4390 coram
620 4326 691 4409 ipso
708 4325 879 4394 Conuentu
894 4328 1071 4413 constituti,
1089 4325 1254 4413 predictus
1280 4327 1392 4412 Trepk
1424 4326 1542 4395 fuisset

411 4429 577 4499 confessus
595 4456 603 4515 ς
624 4434 709 4516 quod
725 4433 803 4518 quia
818 4432 961 4501 lacobus
977 4441 1010 4501 et
1026 4433 1145 4501 Jakow
1161 4432 1319 4501 antedicti
1333 4433 1398 4501 sibi
1431 4433 1538 4502 tideli-

410 4543 459 4631 ter
475 4539 706 4627 seruiuisseut3
723 4543 796 4611 ideo
812 4542 855 4612 ad
871 4543 1209 4631 recompensacionem
1228 4541 1371 4612 bdelium
1387 4543 1539 4611 seruieio-
