3096 5202
719 387 724 406 ι
837 385 985 488 ...Β-ἒξ.-
1089 333 1098 348 ⁵

349 585 411 652 bus
430 584 628 654 utilitatibus
643 591 675 652 et
690 584 902 672 pertinenciis
918 583 1018 668 ipsius
1034 589 1118 654 terre
1135 585 1305 672 universis,
1330 585 1473 652 Ecclesie

354 693 455 760 Beate
471 693 574 760 ituris
589 693 750 776 uidelicet,
780 711 845 778 que
861 699 911 761 cst
925 693 989 760 sits
1005 693 1038 759 in
1056 701 1143 761 terra
1158 702 1270 762 nostre
1303 693 1473 760 Breuoichc

347 805 548 885 nuncupato
574 798 673 870 Ouios
689 801 818 886 quidem
850 809 936 869 terre
957 810 1043 870 mete
1069 801 1127 870 toti
1152 801 1268 869 ordine
1297 801 1474 886 distingun-

347 917 399 977 tur
418 932 426 975 :
443 909 553 979 Primo
567 915 654 978 motu
670 909 784 996 incipit
799 929 820 976 c
836 909 970 977 meridie
984 910 1018 976 iu
1035 911 1150 978 urbore
1165 909 1359 994 gimulchiu,
1394 909 1475 976 circs

347 1037 446 1102 quum
462 1023 512 1086 cst
526 1025 614 1087 metu
629 1021 746 1102 terres
779 1023 812 1086 et
827 1016 931 1086 tendit
947 1019 1010 1086 sub
1025 1025 1166 1086 montem
1181 1017 1405 1086 Strcnniwerh
1423 1038 1474 1103 per

347 1130 450 1194 metus
467 1130 601 1210 terrm,
628 1133 662 1194 et
675 1125 824 1212 peruenit
839 1124 884 1192 sd
899 1125 1049 1193 arborem
1065 1127 1158 1208 pruni
1176 1125 1266 1193 circs
1297 1143 1399 1210 quum
1427 1133 1471 1193 est

347 1241 435 1302 mets
451 1238 577 1318 terrcc;
601 1234 642 1300 ab
658 1232 735 1299 hinc
749 1230 835 1300 iiens
850 1231 994 1320 minime,
1011 1232 1100 1301 cudit
1115 1232 1150 1300 in
1166 1251 1265 1301 unum
1280 1233 1380 1318 mum,
1415 1253 1472 1318 qne

346 1340 493 1427 procedit
509 1341 542 1408 in
559 1348 700 1408 montem
717 1338 934 1408 Strsnniuerh
952 1339 1185 1430 supradictum,
1199 1359 1258 1426 per
1273 1359 1373 1425 quam
1388 1341 1473 1408 visu

346 1449 452 1516 tendit
466 1455 499 1516 ot
525 1448 674 1534 peruenit
706 1445 750 1515 ud
780 1447 897 1534 mcum,
929 1447 986 1516 ubi
1016 1448 1107 1516 iuxta
1137 1447 1275 1516 eandem
1306 1447 1398 1515 visin
1429 1455 1473 1515 est

228 1549 231 1555 ’
347 1563 434 1626 mets
448 1561 556 1623 terres
572 1553 663 1622 circo
676 1555 826 1622 arborem
842 1553 930 1640 pomi
945 1553 1157 1634 circumfusa
1180 1554 1257 1622 hinc
1291 1554 1326 1620 in
1359 1554 1472 1623 eudem

346 1662 403 1732 sic
417 1663 548 1730 minime
564 1659 769 1748 procedendo
785 1661 997 1747 pervenitad
1008 1661 1156 1730 arborem
1166 1661 1265 1748 pomi,
1282 1659 1373 1732 circs
1383 1681 1475 1746 quan

349 1777 399 1839 est
413 1777 500 1840 mete
515 1778 634 1857 terres,
650 1775 681 1837 et
697 1787 757 1856 per
771 1768 911 1838 condem
928 1769 1014 1836 visin
1029 1768 1136 1838 tendit
1151 1787 1263 1838 versus
1274 1769 1473 1855 septemtn'c
1531 1830 1535 1845 ‚

348 1899 442 1964 nem;
467 1877 600 1946 abhinc
615 1875 826 1964 procedendo
842 1875 957 1946 circuit
972 1873 1054 1944 duos
1069 1878 1175 1946 velles
1190 1884 1224 1944 et
1254 1875 1406 1963 peruenit
1433 1875 1472 1944 sd

349 1988 383 2054 in
452 1985 546 2072 'cm,
576 1991 609 2054 et
639 1985 732 2053 iuxta
762 1983 904 2052 eandem
920 1981 1067 2067 propedit
1082 2001 1252 2068 usquequo
1268 1982 1472 2070 pervenitad

351 2093 466 2180 Tetuk,
499 2096 590 2179 porte
607 2091 771 2176 indaginis
784 2114 793 2177 ς
815 2091 893 2158 inde
908 2091 1013 2176 uergit
1028 2110 1064 2158 se
1079 2089 1122 2158 sd
1137 2091 1243 2159 levum
1259 2111 1394 2158 menum
1409 2112 1474 2158 ver·

348 2221 404 2270 sus
420 2201 681 2287 septemtrionem
699 2207 731 2265 ct
747 2198 834 2284 girat
849 2199 989 2267 eundem
1006 2199 1112 2267 Teluk
1128 2218 1187 2285 per
1217 2207 1321 2269 motos
1354 2206 1473 2266 terreus

295 2323 298 2330 ·
350 2307 465 2374 ordine
480 2329 539 2376 sno
555 2308 736 2394 distinctus,
754 2313 787 2375 ot
802 2306 870 2374 exit
885 2315 977 2374 extro
994 2313 1027 2374 et
1043 2305 1212 2374 descendit
1228 2325 1332 2391 usquc
1343 2309 1388 2374 cd
1398 2308 1473 2373 unti-

351 2435 447 2502 qucm
472 2415 644 2502 piscinam,
670 2433 734 2500 que
764 2414 904 2501 pertinet
933 2414 977 2481 cd
1009 2412 1187 2483 Ecclesiam
1219 2414 1342 2483 Sancte
1373 2415 1470 2481 Eleus

352 2522 582 2613 supradictam,
614 2532 645 2592 et
675 2525 709 2589 in
725 2521 791 2589 finc
806 2522 892 2590 dicte
908 2522 1033 2609 piscine
1049 2522 1150 2591 intrct
1165 2522 1282 2591 iterum
1297 2521 1332 2590 in
1347 2523 1470 2608 indagi-

351 2651 424 2698 nem
440 2628 484 2698 ed
499 2638 619 2698 metum
636 2638 785 2716 terream,
816 2636 851 2696 et
864 2629 942 2696 inde
957 2628 1105 2715 procedit
1119 2629 1212 2698 iuxta
1226 2629 1411 2717 indagines,
1440 2638 1470 2697 et

350 2738 555 2825 pervenitad
570 2758 670 2804 unum
687 2737 842 2821 ungulum
858 2735 1024 2822 indaginis
1039 2742 1072 2804 et
1087 2735 1135 2803 ibi
1160 2743 1209 2804 est
1240 2743 1328 2804 mets
1359 2745 1466 2822 terres,

352 2846 429 2914 inde
444 2866 520 2914 vero
536 2845 640 2912 tendit
654 2863 767 2913 versus
783 2844 949 2912 meridiem
965 2863 1023 2929 per
1039 2850 1143 2911 metes
1168 2852 1293 2913 terreas
1326 2853 1360 2913 et
1389 2847 1468 2911 seuit

355 2954 399 3021 ad
414 2957 518 3022 locum
534 2951 626 3020 Mlak
642 2957 802 3040 vocatum,
818 2951 862 3019 cd
878 2953 1027 3021 sutorem
1052 2972 1142 3036 egui,
1169 2959 1214 3020 et·
1230 2952 1275 3019 ibi
1309 2960 1360 3020 est
1391 2957 1465 3019 netu

351 3068 474 3144 terree3
498 3058 575 3129 indo
591 3059 737 3147 procedit
751 3079 810 3145 per
826 3065 930 3128 metus
945 3066 1069 3128 terrens
1085 3065 1117 3126 et
1132 3061 1282 3144 pervenit
1298 3057 1343 3126 ud
1357 3066 1463 3126 menn

352 3169 560 3254 antedictum,
577 3174 610 3236 et
626 3169 673 3236 sic
688 3167 909 3236 terminentur.
934 3167 973 3234 In
992 3169 1084 3236 cuius
1100 3166 1147 3236 rei
1162 3168 1352 3236 memorium
1367 3175 1398 3237 et
1411 3187 1465 3234 cer·
1478 3160 1496 3195 '

350 3277 521 3346 titudinem
538 3282 574 3342 ut
587 3271 771 3343 huiusmodi
787 3275 881 3344 docio
896 3295 955 3344 seu
970 3280 1081 3344 nostru
1096 3274 1231 3344 donscm
1245 3275 1345 3345 rebus
1367 3295 1466 3363 perpe·

351 3392 408 3452 tue
422 3382 585 3452 ffimitetis
600 3381 752 3464 obtineat,
767 3401 827 3452 nec
842 3403 900 3470 per
933 3384 1118 3470 quempiam
1142 3403 1295 3471 processu
1323 3384 1467 3471 temporis

352 3491 455 3577 possit
486 3491 666 3577 retractnri,
701 3498 869 3576 presentes
901 3490 1119 3562 concessimus
1141 3492 1269 3562 litterae
1300 3491 1467 3560 munimine

352 3599 452 3683 sigilli
466 3599 570 3667 nostri
584 3599 765 3666 roboratus.
790 3600 913 3666 Datum
930 3607 962 3666 et
978 3606 1086 3668 sctum
1112 3599 1275 3684 Zugrubie
1299 3621 1385 3668 cuno
1414 3601 1467 3666 Dc

352 3707 431 3772 mini
447 3705 542 3774 MOO.
556 3703 785 3790 octuagesimo.

459 3902 620 3968 (Tkslcsics,
638 3905 762 3957 Menum.
780 3903 846 3956 hist
865 3904 959 3970 Episc.
980 3905 1101 3972 zsgrsb.
1120 3905 1142 3957 1.
1162 3906 1222 3960 kce.
1242 3911 1305 3958 20c.
1324 3905 1355 3972 1.)

782 4187 1048 4203 h——u-—u—nn
