3142 5198
848 208 1046 309 „n

365 406 475 470 sentes
490 401 706 469 concessimus
720 401 857 488 litteras,
889 403 1055 490 duppliois
1069 403 1174 488 sigilli
1190 405 1293 470 uestri
1318 405 1475 473 munimine

365 509 543 596 roboratas,
569 507 690 594 sigillis
706 508 934 578 nichilominus
949 509 1124 580 eorundem
1141 518 1269 597 patrum
1288 515 1475 586 sensualium

360 617 402 685 ad
420 616 599 686 uberiorem
617 618 664 685 rei
679 617 839 686 cautelam
856 618 1062 706 presentibus
1078 619 1278 706 interpositis
1295 627 1329 690 at
1353 622 1474 688 adinno-

259 766 264 776 ι
360 725 411 792 tis.
451 725 573 793 Datum
590 745 647 810 per
663 745 778 793 manus
794 724 924 794 disereti
940 727 1002 794 uiri
1017 725 1164 810 Magistri
1180 725 1346 793 Theodori
1370 729 1474 813 Propo

360 832 416 901 siti
433 829 589 899 Albensis
605 831 762 914 Eeeleaie,
779 832 854 900 aula
880 837 988 900 nostm
1013 831 1288 920 vicecancellarij
1315 832 1424 902 ‹lileoti
1451 840 1477 902 et

359 937 464 1008 fidelis
495 937 596 1007 nostri
626 959 712 1008 anuo
728 939 858 1008 Domini
874 941 993 1010 M⁰OC⁰
1008 943 1231 1030 nonagesimo,
1257 941 1365 1026 Regni
1379 949 1476 1010 autem

359 1047 460 1114 nostri
478 1066 565 1114 anuo
580 1047 695 1134 primo.

359 1245 499 1308 (Eredetia
524 1246 708 1312 berhtrtyatn,
739 1248 870 1312 melynek
900 1247 1008 1316 egyluor
1035 1247 1135 1298 htrom
1154 1249 1242 1314 suggs
1262 1246 1386 1314 peesttje
1413 1249 1476 1300 alsa·

572 1337 663 1400 azett;
695 1351 712 1386 a
730 1337 816 1388 budsi
838 1338 892 1387 kir.
921 1337 1049 1388 namursi
1071 1337 1268 1400 leutltatrban.)

880 2159 954 2228 414.

355 2359 385 2423 A
402 2355 509 2445 Eup-i
522 2357 741 2444 keptalaouuk
755 2357 1027 2444 bizon‘psdpleeele
1051 2362 1133 2446 kopp
1148 2357 1256 2426 Achai
1269 2361 1375 2427 Jutuon
1391 2357 1474 2423 Rus-

450 2467 557 2531 ltolma
573 2466 732 2552 helysepot
750 2467 854 2532 clarita
869 2469 947 2534 Korn
962 2467 1072 2532 Istvdn
1088 2467 1254 2534 comesset.
1278 2469 1379 2531 1290.

611 2664 641 2730 A
802 2663 829 2727 B
991 2663 1015 2728 O
1176 2663 1206 2729 D

459 2770 527 2838 Nos
542 2769 697 2855 Magister
722 2769 843 2854 Symou
868 2771 1056 2855 Prepositus
1086 2774 1119 2836 et
1150 2768 1336 2854 Capitulum
1366 2767 1469 2836 Sancti

350 2879 522 2964 Laureneij
540 2878 581 2947 de
596 2879 672 2964 Hoy
688 2879 841 2944 memorie
866 2875 1130 2946 commendantes
1156 2876 1377 2961 significamus
1405 2876 1468 2943 uui-

349 2988 463 3071 ueusis‚
479 2985 595 3070 quibua
606 2990 771 3072 presentes
782 2990 978 3069 eruuoeaeunt,
996 2986 1134 3052 salutem
1153 2985 1186 3050 in
1202 2985 1343 3051 Domino
1359 2983 1467 3068 sompi·
1553 2989 1557 3080 'l

349 3102 485 3162 ternam.
523 3094 630 3172 Quum
645 3091 755 3160 labilia
771 3093 924 3160 memoria
940 3092 1038 3160 iaoile
1053 3092 1177 3179 sopitur
1201 3091 1375 3161 obliuionis
1399 3090 1466 3157 oali·

348 3204 424 3288 gine
435 3221 446 3288 ;
484 3201 583 3270 certia
611 3209 660 3268 est
691 3198 871 3283 sigillorum
903 3208 1087 3269 nostrorum
1120 3198 1253 3283 indicijs
1287 3196 1462 3267 reeordaoio

347 3317 509 3395 gestorum
526 3307 710 3376 excitanda.
744 3306 855 3386 Quare
870 3309 1062 3376 aecedentes
1093 3309 1136 3376 ad
1166 3316 1313 3376 nostram
1344 3325 1464 3394 presen-

346 3419 429 3485 oinm
445 3417 659 3503 personaliter
673 3415 798 3483 seilicet
812 3416 981 3484 lohannes
1006 3416 1091 3484 lilius
1117 3415 1223 3482 Balalr
1239 3415 1281 3482 de
1309 3415 1402 3481 Aeha
1428 3411 1463 3477 de

345 3525 507 3594 (lumitatu
523 3524 564 3592 de
579 3523 713 3610 Budrug
728 3525 772 3592 ab
788 3545 855 3592 una
870 3531 982 3610 parto;
1008 3531 1040 3591 et
1057 3530 1124 3592 tota
1140 3522 1317 3608 generacio
1345 3541 1405 3588 sua
1428 3517 1464 3584 do

344 3633 469 3719 eadam,
494 3631 645 3700 videlieet
659 3632 826 3702 lohannes
843 3633 996 3721 Symunis
1014 3633 1109 3715 filius,
1139 3633 1257 3700 Petrus
1290 3635 1323 3698 et
1354 3629 1463 3696 Paulus

342 3741 402 3827 filij
418 3737 529 3828 Myko,
546 3739 707 3809 Kalamon
723 3748 755 3807 et
771 3741 978 3829 Kolemenus,
1010 3739 1143 3826 Mykael
1160 3738 1202 3805 ab
1218 3739 1324 3804 altera
1339 3738 1462 3824 pariter,

344 3856 378 3917 et
392 3849 577 3936 Stephanus
593 3849 691 3917 Kuun
706 3847 812 3916 dietus
836 3849 957 3916 uicinis
983 3856 1016 3916 et
1041 3845 1265 3916 eommitaueis
1297 3843 1464 3912 eorundem

342 3955 383 4026 do
398 3959 513 4041 Murgo
528 3954 568 4024 de
583 3956 698 4026 eadem
714 3956 802 4046 (lgyl
822 3955 984 4026 comitatu
1001 3954 1218 4042 personaliter
1242 3972 1301 4039 pro
1332 3972 1369 4020 se
1399 3952 1463 4036 ipso

341 4066 422 4133 solo.
445 4063 509 4143 Qui
524 4063 623 4150 ydem
638 4062 805 4132 lohannes
820 4063 907 4133 filius
923 4063 1032 4132 Balak
1049 4062 1233 4132 antedictus
1262 4058 1358 4145 dixit,
1382 4055 1461 4142 quod

341 4170 507 4260 quandam
522 4177 643 4240 terram
658 4192 752 4239 suam
768 4171 955 4258 emptitiam
971 4170 1153 4239 Budlrolma
1177 4174 1341 4250 nonaum,
1371 4166 1456 4234 sitam
1546 4218 1552 4229 .

340 4284 375 4350 in
391 4281 554 4349 comitatu
571 4281 611 4348 de
626 4279 768 4366 Budrug,
799 4282 960 4348 iacentem
975 4280 1062 4347 inter
1077 4279 1189 4362 Murgo
1205 4282 1238 4344 et
1269 4274 1370 4358 Atho,
1391 4289 1454 4357 pro-

340 4395 411 4476 pter
426 4388 660 4458 necessitatem
677 4391 879 4474 paupertatis
894 4409 953 4458 aue
978 4388 1115 4456 haberat
1138 4385 1358 4454 intensionem
1386 4398 1450 4448 uan-

338 4499 447 4588 dendi,
478 4504 511 4566 et
527 4498 669 4589 quesiuit
694 4496 863 4566 uniuersas
895 4494 1112 4588 cognationes
1142 4513 1220 4564 suas
1252 4489 1395 4564 videlieet
1421 4490 1447 4551 et
