3142 5198
948 973 1023 1042 399.

417 1175 446 1239 A
463 1175 606 1240 iraiocsai
621 1171 850 1258 kdptalnaaalc
865 1172 1142 1256 bizouyacipleuele,
1168 1172 1250 1256 kopp
1278 1171 1372 1238 Falso
1406 1172 1521 1256 itepide

418 1282 535 1348 Mitius
552 1285 583 1345 c‘e
599 1278 733 1365 Gcrpeip
748 1281 897 1365 biaonyoa
914 1281 1223 1366 cpycaedeaae'pekra
1240 1279 1520 1345 aczveJatntaau

677 1385 926 1470 sdldmiueldvcl
941 1387 1152 1472 cpyezkedtele.
1177 1385 1274 1449 1289.

560 1584 588 1649 Α
725 1581 751 1646 Β
887 1582 911 1646 G
1046 1581 1075 1644 D
1211 1582 1238 1646 Ε
1375 1583 1400 1647 F

520 1690 707 1776 Capitulum
725 1689 913 1756 Colooensis
931 1687 1075 1754 Ecclesia
1091 1686 1240 1754 omnibns
1255 1687 1376 1754 Christi
1393 1687 1518 1754 fidelibus

415 1806 597 1886 presentem
628 1798 783 1883 paginam
810 1796 1002 1879 inspecturis
1015 1794 1151 1860 salutem
1168 1797 1202 1860 in
1218 1794 1368 1862 Domino.
1407 1795 1453 1860 Ad
1469 1795 1522 1858 rni-

414 1926 577 1974 uersorum
611 1905 763 1971 noticiam
805 1903 916 1970 barum
955 1902 1037 1969 serie
1064 1901 1212 1970 uolumus
1243 1903 1425 1990 peruenire,
1453 1901 1523 1985 quod

414 2013 588 2080 Nicboiaus
600 2019 632 2078 et
642 2011 816 2096 Gregorius
834 2010 890 2093 tilij
908 2009 1024 2075 Marini
1041 2010 1081 2075 de
1099 2007 1265 2094 Superiori
1281 2010 1420 2094 Regnek
1435 2030 1523 2075 coram

415 2120 562 2188 diseretis
579 2119 657 2186 viris
674 2117 802 2185 dilectis
819 2118 972 2186 iratribus
989 2117 1118 2202 nostris,
1136 2116 1290 2183 uidelicet
1316 2118 1404 2201 Elya
1432 2116 1525 2184 Arabi-

415 2227 566 2312 diaoono,
599 2226 774 2294 Vinceneio
791 2226 975 2293 Presbitero
995 2225 1338 2311 Viae-ArchidiaoonQ
1355 2227 1485 2292 Martino
1499 2231 1525 2288 et

415 2335 571 2421 Gregorio
587 2334 763 2421 Magistris,
780 2333 982 2420 presentibus
1003 2353 1105 2412 ,uuam
1136 2334 1283 2419 plurimis
1317 2333 1524 2416 iobagionibus

414 2443 558 2512 eiusdem
574 2441 660 2526 uille,
678 2461 737 2509 neo
757 2461 821 2506 nou
838 2440 988 2507 iohanne
1008 2439 1127 2508 Uillico
1143 2441 1361 2525 personaliter
1371 2438 1526 2518 constituti,

413 2553 595 2620 retulerunt
625 2548 757 2617 oraculo
788 2547 863 2615 uiue
893 2548 992 2635 noeis,
1023 2548 1108 2632 quod
1149 2547 1342 2616 Leonardus
1382 2546 1525 2634 qnondam

413 2658 553 2727 Uillicus
584 2656 669 2724 filins
699 2655 812 2722 Jacobi
839 2653 879 2721 de
896 2641 1104 2740 possessirine
1129 2662 1267 2741 paterna
1282 2655 1401 2722 relicta
1415 2658 1454 2722 ab
1467 2658 1525 2739 ipso

413 2767 549 2852 Marino,
566 2785 628 2848 que
644 2761 805 2846 quondam
823 2783 863 2829 ox
887 2760 1066 2828 donacioue
1096 2762 1212 2829 Jacobi
1244 2765 1349 2848 patris
1383 2759 1523 2830 Leonardi

412 2882 595 2944 accesserat
625 2873 752 2941 Marino
783 2878 968 2956 memorato,
1015 2871 1173 2939 satisfecit
1204 2872 1297 2959 plene
1332 2896 1390 2960 par
1429 2873 1523 2940 omnia

413 2982 623 3067 restituendo,
640 2990 672 3048 et
687 2982 749 3049 boo
764 2988 830 3047 tam
851 2980 883 3046 iu
900 2978 1014 3066 vineis,
1041 3000 1137 3064 quam
1169 2979 1203 3047 in
1235 2980 1331 3048 terris
1364 2983 1523 3048 arabilibus
1562 3067 1564 3074 Ι

413 3099 445 3159 et
460 3091 558 3158 fundo
585 3090 681 3174 ouria,
699 3088 850 3155 attribue
868 3087 1017 3154 domibus
1034 3086 1153 3153 ibidem
1172 3088 1365 3156 hedificatis.
1391 3091 1524 3176 Preterca

413 3220 512 3286 super
527 3202 653 3266 lesione
669 3198 762 3285 pedis
789 3195 938 3280 Gregori,
971 3217 1067 3280 qnam
1096 3197 1130 3262 in
1161 3197 1354 3282 captiuitate
1386 3194 1524 3266 boenerii

413 3308 548 3393 positus*
568 3325 625 3390 per
655 3307 757 3392 yemis
789 3306 1000 3389 asperitatem
1032 3302 1174 3388 incurrit,
1202 3304 1268 3370 sibi
1282 3304 1411 3372 duabus
1426 3305 1524 3371 marcis

413 3414 518 3479 minas
534 3413 659 3479 fertone
676 3412 816 3496 acceptis
833 3409 1001 3477 confossas
1018 3417 1068 3477 est
1083 3411 1184 3478 fuisse
1200 3410 1414 3482 satisfactum.
1446 3411 1525 3478 Vnda

410 3518 587 3588 Nioholaus
619 3525 651 3584 et
681 3517 859 3602 Gregorius
889 3518 955 3584 iam
988 3517 1126 3603 predicti
1158 3525 1406 3605 assumpserunt
1430 3539 1522 3585 coram

412 3628 565 3714 predictis
597 3625 751 3692 fratribus
782 3626 913 3710 nostris,
947 3626 1032 3709 qnod
1064 3645 1219 3712 processu
1255 3627 1414 3712 temporis
1444 3643 1526 3711 snper

411 3735 568 3802 diuisione
585 3735 833 3821 possessionum,
851 3740 883 3798 et
898 3732 992 3816 pedis
1009 3733 1133 3800 lesione
1150 3731 1298 3816 Gregori,
1323 3755 1386 3801 neo
1400 3735 1462 3820 ipsi
1477 3751 1524 3798 nec

411 3843 532 3928 posteri
548 3861 656 3908 eornm
674 3848 786 3908 eontra
802 3839 1010 3908 Leonardum
1028 3847 1059 3907 et
1074 3842 1209 3907 fratrem
1236 3861 1330 3908 suum
1362 3842 1525 3910 tiliorumuc

403 3951 613 4018 'successores
645 3949 771 4033 possint
802 3949 945 4033 aliquam
988 3968 1118 4014 mouere
1150 3948 1373 4034 questionem
1397 3958 1429 4015 et
1457 3949 1527 4014 hanc

410 4057 598 4124 diuisionem
617 4057 857 4140 possessionum
874 4063 907 4123 et
925 4056 1039 4124 seriem
1058 4056 1194 4124 tocieius
1210 4054 1297 4143 (tgy)
1324 4055 1526 4125 ordinacionis

410 4166 535 4251 prefate
565 4162 680 4230 fratres
712 4165 813 4230 nostri
837 4166 1017 4231 retulerunt
1043 4183 1152 4230 eoram
1168 4165 1269 4233 nobis.
1287 4169 1525 4250 assumpserunt

409 4273 513 4341 ceiam
530 4270 705 4354 Gregorius
722 4279 754 4337 et
770 4270 959 4358 Nicbolaus,
976 4273 1063 4355 qrrod
1080 4273 1189 4355 siquis
1208 4280 1320 4340 contra
1336 4273 1524 4342 Leonarduu
1544 4257 1549 4262 ’

411 4380 463 4445 nel
495 4379 624 4443 tratrem
658 4379 728 4447 eius
745 4379 939 4446 beredumne
956 4399 1162 4447 sirenessores
1179 4399 1276 4464 super
1292 4381 1454 4448 diuisione
1467 4397 1523 4466 pos·

410 4487 588 4553 sessionum
605 4487 656 4552 uel
688 4485 810 4552 lesione
841 4487 935 4571 pedis
967 4485 1123 4570 Grcgrori
1154 4489 1323 4555 materiam
1358 4483 1522 4572 questionis

410 4603 561 4681 moueret,
592 4595 731 4682 proprijs
763 4593 929 4661 laboribus
962 4599 994 4659 et
1026 4596 1180 4680 expensis
1213 4597 1379 4683 expedire.
1405 4573 1550 4679 insuper'
