3162 5200
466 72 479 88 J

279 121 313 148 'JV-

54 184 62 218 '
115 164 121 175 ι

535 427 696 528 *Q
789 411 795 424 .

66 633 135 698 nita
143 617 243 698 eundo
252 626 420 714 paululum
431 622 641 692 eadititerum
653 625 696 693 ad
707 623 845 709 primam
862 625 949 694 viam
966 583 1173 716 magnumst

65 741 138 806 iuea
152 736 256 805 eundo
272 733 381 802 adhue
398 734 442 800 ad
458 731 721 816 septemtrionem
737 733 825 800 venit
841 735 884 802 orl
894 744 998 804 metas
1013 738 1176 827 antiquas,

18 859 22 865 ·
65 848 229 929 iuxtaquas
239 845 300 912 snb
310 841 481 910 fruticibus
494 847 720 909 castanearum
730 849 806 908 suut
817 849 923 910 ereate
938 844 1002 912 dne
1014 865 1107 932 nove,
1121 845 1178 913 ha·
1307 829 1311 836 ’

65 957 133 1022 bens
142 953 244 1020 adhue
254 957 508 1020 oommetaneam
519 956 638 1017 terram
649 945 844 1033 Vyoheheoh
854 949 897 1018 ab
909 949 1046 1035 oriente;
1059 953 1178 1022 deiude

67 1061 184 1129 ueniens
194 1061 227 1126 iu
239 1061 472 1146 sepediota'via
487 1058 522 1123 iu
535 1057 690 1124 vertimur
706 1058 827 1124 montis
842 1058 950 1127 ubiest
964 1065 1050 1129 terra
1066 1063 1178 1150 rubea,

69 1169 134 1238 suut
148 1170 207 1236 dus
218 1175 305 1237 mete
321 1173 428 1236 ereote
443 1168 535 1234 iuxta
551 1173 688 1250 veteres,
705 1165 812 1233 adhue
829 1167 934 1236 eundo
945 1170 978 1235 iu
989 1167 1102 1236 eadem
1112 1170 1177 1255 via,

64 1285 91 1343 at
114 1295 168 1362 per
191 1274 327 1342 eandem
354 1276 486 1343 rubeam
512 1281 630 1340 terram
648 1274 795 1358 pervenit
811 1273 854 1341 ad
870 1275 1033 1358 quandam
1049 1276 1177 1344 foveam

64 1385 229 1470 palustrem,
246 1383 302 1448 ubi
318 1384 411 1448 iuxta
426 1389 528 1450 metas
547 1386 672 1448 veteres
688 1388 763 1448 aunt
795 1380 858 1448 due
888 1402 992 1468 nous;
1015 1404 1036 1452 a
1053 1384 1169 1468 quibus

64 1493 91 1558 in
109 1491 158 1558 ria
173 1493 282 1577 sepius
297 1499 478 1559 memorata
493 1490 641 1578 pervenit
665 1489 708 1556 ad
724 1491 885 1574 quandam
906 1491 1055 1560 arborem
1073 1493 1178 1582 ilyeis,

64 1602 143 1666 iuxta
157 1621 251 1684 quam
260 1604 338 1668 eunt
353 1598 418 1667 due
432 1605 535 1682 mete;
553 1596 670 1666 deinde
687 1598 890 1682 prosedendo
907 1598 1013 1669 adhue
1031 1621 1089 1687 per
1106 1619 1179 1669 ean·

65 1706 125 1774 iem
139 1709 220 1776 viam
251 1706 459 1794 pervenitad
476 1711 614 1792 quatuor
635 1713 738 1774 metas
755 1709 940 1792 angulares,
961 1728 1096 1793 quarum
1113 1729 1179 1777 uua

65 1818 170 1884 estsub
184 1836 305 1902 magna
322 1815 409 1896 ilios,
425 1815 482 1882 nbi
503 1809 610 1882 ereet'e
628 1821 705 1882 suut
737 1813 800 1882 due
831 1835 925 1902 nore,
956 1834 1018 1899 que
1051 1817 1179 1901 quidem

10 1923 12 2014 {
65 1933 135 1992 mete
149 1926 190 1991 ab
204 1927 333 1992 oriente
357 1929 519 2009 separant
534 1929 655 1990 terram
672 1922 830 2008 sepedicti
846 1923 1055 2012 Vyolrolreeb,
1069 1947 1090 1992 a
1105 1947 1178 2011 sep

10 2027 11 2096 ξ
65 2032 212 2100 teutrioue
227 2053 307 2102 vero
324 2032 482 2118 incipiunt
499 2050 652 2117 separare
668 2037 787 2096 terram
812 2031 935 2116 Potela,
968 2031 1028 2098 filii
1061 2034 1178 2120 Borah,

10 2131 13 2164 '
67 2147 94 2205 et
106 2140 208 2225 incipit
237 2159 369 2208 eurrere
400 2137 474 2223 ipsa
504 2145 591 2204 meta
623 2157 737 2206 versus
754 2137 974 2223 oooidentem3
998 2138 1031 2206 iu
1048 2141 1178 2208 deseen-

67 2245 156 2315 deudo
171 2249 209 2315 de
225 2255 336 2316 monte
352 2247 503 2332 pervenit
519 2246 562 2312 ad
578 2245 742 2331 quandam
769 2249 915 2316 arborem
934 2249 1027 2333 iliois,
1046 2248 1100 2315 ubi
1131 2257 1180 2317 est

68 2363 142 2423 neta
169 2356 314 2440 antiqua,
346 2356 437 2421 iuxta
468 2375 564 2437 quam
596 2363 672 2422 sunt
704 2363 808 2423 ereete
839 2355 903 2422 due
927 2375 1018 2434 nove,
1035 2357 1179 2424 aliasub

68 2463 166 2532 arbore
180 2485 248 2550 uyr‚
267 2462 339 2531 alia
358 2461 508 2530 similiter
541 2462 601 2529 sub
633 2462 749 2530 arbore
781 2463 849 2547 tul;
874 2461 991 2530 deiude
1019 2465 1179 2532 transiens

68 2588 114 2654 per
139 2571 218 2640 duas
250 2577 368 2656 metas,
399 2591 534 2656 quarum
567 2590 633 2637 una
650 2567 731 2658 (est)
748 2573 807 2638 sub
825 2571 912 2656 fago,
929 2572 998 2639 alia
1014 2575 1074 2640 sub
1090 2571 1177 2658 ilios,

70 2677 145 2746 iuxta
158 2680 311 2763 autiquae
328 2683 432 2746 metas
450 2677 620 2744 deseendit
635 2678 678 2746 ad
704 2679 841 2746 rivulum
873 2677 993 2765 Caena,
1025 2679 1116 2746 iuxta
1133 2681 1178 2746 al·

70 2805 145 2852 reum
161 2786 265 2875 rivuli,
284 2786 340 2872 qui
356 2791 487 2853 rooatur
501 2785 647 2872 Zopath3
664 2784 697 2852 iu
714 2805 777 2869 quo
794 2785 898 2854 rivulo
916 2784 1026 2854 Caena
1040 2787 1173 2854 deseen-

70 2892 133 2962 leus
148 2895 296 2962 aseendit
310 2893 354 2961 ad
369 2894 531 2978 quendam
546 2893 678 2980 iontem,
695 2895 750 2979 qui
766 2902 814 2961 eet
829 2914 929 2981 prope
946 2896 1043 2981 viam,
1066 2894 1179 2980 incipi-

71 3019 115 3068 ens
127 3002 272 3070 baberea
286 3001 517 3088 septemtrione
532 3009 787 3069 nommetaneam
806 3008 925 3069 terram
941 3000 1177 3069 cruciferorum

71 3108 163 3176 Suuoti
177 3110 351 3196 Sepulchri
368 3110 409 3177 de
434 3109 555 3176 Sanoto
587 3109 748 3195 Georgi03
772 3116 806 3177 et
820 3111 852 3176 in
884 3110 958 3194 ipsa
988 3109 1042 3176 via
1074 3108 1179 3176 eundo

71 3219 197 3297 poenit
215 3220 258 3288 ad
274 3217 357 3287 duas
374 3225 475 3286 metas
492 3219 645 3302 antiquas
662 3219 695 3284 iu
713 3224 801 3284 terra
817 3217 933 3286 arabili
949 3219 1084 3306 positas,
1102 3218 1174 3284 iux·

72 3330 183 3408 bquas
197 3337 273 3396 snut
290 3334 396 3396 ereote
412 3326 476 3394 due
492 3347 597 3412 nore;
621 3325 775 3410 aquibus
792 3327 1014 3412 pertransiens
1039 3333 1179 3394 montem

72 3436 254 3514 pervenitad
264 3436 412 3503 arborem
428 3435 597 3520 antiquam
618 3434 907 3519 earbellornm,ubi
918 3435 1011 3501 iuxta
1026 3434 1179 3515 antiquas

72 3549 133 3608 tunt
146 3549 247 3612 erecte
262 3544 327 3611 due
343 3562 445 3627 uore;
474 3564 494 3610 a
510 3542 627 3627 quibus
645 3540 812 3609 deseendit
828 3541 861 3607 in
877 3541 1006 3624 vallem,
1037 3540 1092 3608 ubi
1109 3561 1180 3626 per·

73 3650 214 3720 transiens
244 3651 347 3720 alium
378 3669 503 3718 ramum
519 3651 617 3718 rivuli
634 3649 744 3718 (laena
763 3650 912 3718 aseendit
927 3652 960 3716 iu
978 3656 1118 3717 montem
1137 3648 1180 3716 ad

74 3771 207 3841 magum
221 3759 370 3828 arborem
386 3755 455 3843 lagi
478 3776 573 3826 oruee
603 3758 777 3846 signatam,
811 3757 1004 3825 dealinaudo
1034 3755 1181 3837 aliquan·

73 3860 159 3930 tulum
185 3885 296 3934 versus
313 3865 492 3948 meridiem,
508 3865 563 3933 ubi
581 3873 656 3934 sunt
673 3866 735 3932 due
751 3872 835 3934 mete
851 3863 1003 3952 (posite),
1018 3863 1051 3928 in
1068 3881 1181 3929 aseen-

74 3968 164 4042 lenio
176 3983 315 4044 montem
331 3975 554 4063 pertransiens
570 3972 654 4042 duas
687 3981 791 4042 metas
823 3973 946 4060 positas
977 3971 1037 4040 sub
1069 3971 1183 4036 arbore

74 4075 142 4147 iliois
169 4084 256 4151 uenit
271 4081 315 4150 ad
347 4083 500 4150 verticem
532 4083 652 4149 montis
682 4080 724 4147 ad
745 4081 830 4148 alias
861 4087 965 4147 metas
981 4078 1105 4166 poeitae
1121 4075 1181 4144 sub

76 4182 174 4256 lmtiee
187 4189 320 4258 rakatia
336 4198 473 4274 rooato3
497 4190 649 4273 aquibus
677 4185 844 4256 descendit
867 4187 988 4256 direote
1021 4185 1125 4255 eundo
1141 4183 1185 4251 aul

77 4295 222 4366 meridiem
254 4320 312 4385 por
328 4319 427 4366 unam
458 4297 578 4367 vallem
611 4297 654 4364 ad
669 4298 803 4366 torulum
822 4291 975 4383 (ramum)
994 4296 1113 4381 (laeua,
1129 4293 1183 4360 ubi

77 4397 153 4472 iuxta
166 4407 324 4490 quondam
342 4414 464 4476 trusum
479 4411 556 4475 sunt
571 4412 676 4491 mete;
694 4403 860 4473 deseendit
877 4405 988 4488 itaque
1004 4401 1180 4486 regirando

80 4509 113 4574 td
122 4513 284 4582 meridiem
298 4535 356 4601 per
371 4518 476 4600 ipsum
490 4515 623 4583 fluvium
635 4514 669 4580 iu
679 4515 765 4580 bona
780 4513 962 4598 quantitate
981 4510 1185 4593 distinguens

80 4619 241 4689 anestia
272 4628 391 4690 terram
421 4623 559 4690 liliorum
590 4619 796 4690 Mladoehuet
827 4621 931 4689 eundo
962 4637 1022 4705 per
1053 4615 1185 4684 arbores

80 4720 230 4818 smmum,
261 4729 487 4811 quoaduuatnr
518 4730 592 4799 aliis
607 4729 732 4799 (luobus
750 4728 850 4798 ramis
867 4727 959 4796 fluvii
976 4727 1104 4810 Caena3
1128 4725 1187 4790 sie·

1020 4833 1081 4906 13*
