3162 5200
647 351 830 472 Aa„

182 565 301 652 quibus
318 585 425 634 coram
444 523 614 634 nostriset
629 566 868 652 progenitorum
885 571 1066 634 nostrornm
1098 565 1313 652 predictorum
1354 571 1357 578 ’

181 676 308 759 Regum
349 672 525 742 illustrium
566 673 667 742 oculis
698 674 816 742 meruit
847 673 1070 760 multipliciter
1100 673 1313 760 complacere,

181 780 350 866 quandam
376 785 493 850 terram
524 780 660 848 duomm
691 780 940 848 uduornicorum
971 789 1165 858 nostrorum,
1199 781 1312 848 Zolatlr
1380 831 1383 840 Δ

181 888 336 957 videlicet
350 888 473 958 herede
488 890 633 958 carentis
648 895 682 958 et
697 891 823 976 Koyan,
841 891 1017 976 Depoputh
1032 897 1191 976 uocatam,
1217 889 1312 958 sitam

184 997 414 1064 iuxtaterram
431 995 577 1064 eiusdem
592 996 744 1082 Magistri
758 993 915 1083 ladislai,
932 997 1086 1085 Goereky
1103 1003 1263 1082 uocatam,
1281 996 1313 1063 in

181 1103 349 1172 (lumitate
364 1103 536 1188 Hortensi,
561 1105 764 1188 contulimus,
790 1103 947 1193 dedimus,
980 1099 1184 1193 dedecimus,
1215 1112 1314 1188 atque

185 1211 394 1298 tradidimus,
418 1232 491 1278 cum
507 1211 655 1280 omnibus
672 1211 893 1299 pertineneijs,
925 1212 1131 1298 appendicijs
1147 1219 1180 1279 et
1196 1211 1313 1280 vtilita·

182 1319 273 1387 tibus
289 1318 358 1387 suis
374 1317 532 1388 uniuersis
549 1319 654 1386 cidem
670 1316 830 1404 Magistro
845 1316 1003 1387 Ladialso
1020 1326 1177 1404 perpetuo
1193 1319 1313 1387 etirre-

183 1425 377 1496 uccabiliter
392 1425 643 1514 possidendam;
666 1425 842 1513 presentim
858 1445 931 1494 oum
946 1425 1033 1494 idem
1048 1425 1163 1496 Zolatb
1188 1434 1221 1495 et
1251 1427 1309 1513 filij

182 1535 313 1622 Koyan,
332 1533 501 1604 vducmici
516 1534 630 1621 nostri,
661 1534 739 1602 olim
771 1533 916 1604 eiusdem
947 1540 1030 1602 terre
1061 1535 1312 1620 inhabitatores,

1 1612 2 1624 ἵ
60 1643 65 1650 ’
183 1661 296 1713 coram
321 1642 489 1728 Preposito
515 1648 547 1710 et
578 1642 745 1712 Conuentn
771 1640 903 1710 Ordinis
930 1641 1239 1711 Premonstratensis
1271 1644 1313 1711 de

185 1751 278 1834 Saag
292 1751 507 1836 personaliter
522 1750 699 1836 constituti,
715 1749 944 1820 renunciantes
960 1750 1022 1818 iuri
1038 1769 1107 1839 suo,
1125 1750 1154 1820 si
1169 1749 1250 1836 quid
1265 1752 1312 1818 eis
1338 1839 1342 1844 Ι

182 1862 216 1926 in
234 1869 322 1928 terra
337 1859 483 1946 predicta
498 1859 713 1945 competebat,
743 1858 932 1943 reliquerint
958 1857 1123 1946 sepedicto
1154 1859 1312 1944 llsgistro

185 1966 345 2035 Ladizlao
359 1965 589 2054 possidendam
620 1965 753 2053 pacifice
785 1974 817 2035 et
847 1966 974 2056 quiete;
997 1967 1082 2036 siem
1111 1967 1174 2036 lucc
1205 1968 1311 2036 littero

185 2074 330 2142 eiusdem
347 2075 508 2163 Propositi
524 2082 557 2144 et
573 2073 769 2164 Consentes,
800 2075 896 2144 nobis
911 2095 1010 2160 snper
1033 2075 1095 2144 lroc
1125 2074 1311 2162 specialiter

183 2183 317 2269 directe,
330 2183 537 2252 manifestius
555 2181 776 2253 declarabant.
809 2183 1013 2253 contulimus
1044 2183 1177 2270 insuper
1208 2183 1312 2253 eidem

184 2292 343 2376 Magistro
360 2277 516 2358 Ladialao
531 2291 701 2376 Proposito
717 2299 840 2359 terram
865 2293 1011 2362 Damasa
1035 2299 1069 2360 et
1098 2291 1236 2380 Malasy,
1267 2293 1310 2359 ed
1369 2343 1379 2358 .

184 2400 249 2467 duo
263 2405 374 2469 aratra
390 2397 611 2485 sufficientem,
628 2419 726 2485 super
741 2418 805 2486 qua
822 2399 887 2468 dno
904 2406 1086 2469 castrenses
1098 2399 1132 2469 in
1142 2419 1309 2470 numerum

183 2507 433 2576 uduornicorum
458 2506 613 2575 translati
645 2507 843 2595 residebant,
873 2509 1022 2577 similiter
1055 2528 1128 2576 cum
1160 2508 1310 2576 omnibus

182 2615 393 2703 pertineneijs
425 2624 458 2684 et
488 2615 680 2683 utilitatibus
712 2616 781 2684 suis
812 2623 970 2705 perpetuo
1001 2617 1255 2705 possidendam3
1280 2623 1313 2686 et

183 2724 322 2792 eandem
339 2730 469 2809 terram,
493 2725 643 2792 Damaso
658 2723 783 2794 seilicet
799 2729 831 2794 et
846 2725 984 2815 Malasy,
1014 2724 1120 2796 eidem
1153 2724 1309 2810 Magistro

181 2831 338 2902 Ladialao
353 2831 523 2918 Proposito
538 2852 596 2918 per
612 2831 770 2902 (tomitem
785 2833 879 2918 Dens,
894 2832 995 2904 filium
1011 2832 1133 2919 Hunth,
1148 2833 1308 2902 hominem

180 2948 336 3026 nostrum,
351 2943 413 3009 sub
428 2940 611 3010 testimonio
626 2942 763 3028 predicti
780 2942 968 3012 conuentus
983 2941 1118 3011 lecimus
1134 2942 1307 3028 assignari,

180 3049 271 3117 nullo
287 3049 672 3136 penitusoontradietore
688 3051 846 3118 existente
857 3071 867 3136 ;
891 3053 1047 3136 uolentes,
1082 3055 1114 3117 ut
1129 3048 1216 3118 idem
1242 3050 1309 3117 lla-

181 3157 283 3242 gister
298 3156 474 3228 Lcdinlans
489 3159 679 3244 Propositus
696 3165 763 3228 tam
779 3159 943 3246 predictas
958 3164 1061 3228 terras
1092 3178 1178 3244 snas,
1211 3178 1308 3243 quam

181 3266 287 3334 eciam
303 3265 390 3334 alias
405 3271 520 3355 terras,
536 3286 616 3351 quas
633 3267 704 3336 siue
718 3268 814 3336 titulo
825 3267 1026 3356 donacionis,
1039 3286 1098 3337 seu
1108 3267 1212 3336 eciam
1223 3265 1308 3334 iusto

180 3371 274 3439 titulo
314 3373 490 3458 empcionis
527 3373 695 3458 possidere
726 3373 941 3460 dinosscitur;
973 3373 1158 3461 specialiter
1188 3380 1309 3441 terram

181 3479 349 3567 Goerelry,
380 3480 432 3550 cui
448 3478 594 3566 predicte
610 3489 696 3551 terre
723 3481 919 3571 uicinentur,
951 3482 1088 3551 liberam
1103 3482 1224 3550 hebeat
1254 3479 1309 3549 do-

179 3589 293 3674 nandi,
308 3587 451 3677 legendi,
475 3587 649 3657 ordinandi
673 3591 877 3679 interrivos,
909 3611 966 3659 seu
983 3591 1086 3659 eciam
1117 3589 1307 3658 conserendi

178 3695 328 3764 Ecclesie
343 3711 411 3781 see,
441 3699 492 3766 uel
507 3696 674 3784 Ecclesijs,
707 3704 763 3766 aut
779 3698 883 3768 eciam
899 3698 976 3784 alijs
992 3698 1238 3785 quibuscunque
1254 3717 1306 3766 vo·

179 3803 281 3872 luerit
296 3804 352 3870 uel
369 3804 399 3871 ei
416 3805 522 3872 uisum
537 3803 637 3872 luerit
667 3806 867 3876 facultatem.
904 3807 991 3874 Mete
1023 3814 1132 3876 autem
1162 3803 1308 3896 predicte

177 3921 265 3983 terre
280 3913 425 3982 Damaso
442 3922 476 3982 et
504 3913 642 4003 Malasy,
674 3923 770 4002 prout
801 3917 835 3982 in
867 3917 981 3984 litteris
1010 3915 1090 3985 dicti
1122 3916 1307 3986 conuentus

178 4021 339 4095 contineri
355 4019 507 4108 uidimus,
524 4021 586 4091 hoc
600 4021 714 4091 ordine
730 4023 950 4108 distinguntur
968 4048 975 4088 :
992 4023 1101 4091 Prima
1116 4031 1202 4093 meta
1230 4025 1308 4092 inci·

176 4131 230 4218 pit
245 4131 289 4197 ab
305 4129 430 4197 oriente
446 4129 507 4196 snb
522 4127 660 4214 quodam
687 4137 805 4219 monte,
838 4131 999 4199 Gradissa
1014 4138 1143 4218 nocato,
1171 4139 1258 4200 reete
1274 4131 1308 4198 in

176 4236 265 4323 pede
280 4237 408 4324 montis,
439 4235 495 4305 ubi
512 4238 719 4322 contignatur
744 4246 828 4305 terre
861 4238 1007 4325 ldochon,
1039 4237 1096 4323 filij
1130 4239 1218 4306 Petri
1249 4238 1307 4324 filij

174 4343 356 4430 Mosnrka5
380 4342 456 4412 inde
474 4344 578 4412 tendit
592 4365 705 4414 uersus
722 4349 983 4433 septemtrionem
999 4347 1033 4413 in
1050 4345 1136 4432 pede
1161 4344 1304 4416 eiusdem

173 4453 308 4539 montis,
323 4459 356 4522 et
370 4452 459 4521 uenit
474 4451 593 4521 directe
608 4454 652 4522 ad
667 4461 786 4522 terram
802 4453 930 4540 llawog
946 4455 1091 4544 Comitis,
1121 4454 1305 4540 iobagionis

176 4559 288 4630 Gastri
303 4561 492 4648 Huntensis,
510 4560 554 4628 ad
570 4562 729 4645 quasdam
745 4570 860 4652 metas,
877 4582 1014 4646 quarum
1031 4584 1096 4632 una
1112 4572 1162 4633 ert
1177 4563 1306 4648 ldaurog

174 4669 326 4753 Gemitis,
346 4673 451 4742 altera
465 4670 611 4744 Damaso
627 4681 659 4743 et
673 4673 807 4763 Malasy
822 4671 1041 4761 predictorum
1054 4697 1062 4763 ς
1086 4672 1162 4746 inde
1194 4693 1307 4750 ascen·

1489 4689 1577 4714 :A
