3142 5198
908 1033 982 1100 396.

379 1241 502 1308 Drolcol
519 1245 602 1305 ocra
617 1261 718 1304 aemes
737 1233 983 1320 jobddpyuinuk
1014 1229 1181 1312 lrlizllnadpe
1210 1226 1417 1310 br'aorryao'pot
1446 1233 1500 1286 leoz

378 1349 479 1434 crrdl,
496 1349 579 1433 luopy
595 1345 727 1411 tdraailo
742 1345 846 1408 Feruor
862 1343 894 1406 du
920 1340 1031 1405 Simon
1062 1337 1208 1420 bizouyoo
1232 1332 1342 1419 flllclet
1372 1330 1499 1397 eladae

625 1445 1143 1532 Jcaoreoma,1<0nraafloaaa
1166 1436 1265 1507 1288.

486 1652 555 1718 Nos
586 1651 674 1717 Bene
703 1647 805 1713 Maior
824 1641 993 1710 Exercitus
1008 1640 1117 1706 Curtii
1134 1639 1251 1705 Dronol
1268 1635 1446 1704 Comitatus
1463 1635 1499 1699 de

382 1763 521 1842 Baraua,
537 1765 568 1825 et
584 1757 643 1843 alij
660 1754 787 1822 nobiles
813 1753 1002 1835 iobagiones
1035 1746 1143 1815 Oastri
1173 1744 1318 1812 eiusdem
1350 1741 1499 1810 memorie

381 1867 645 1935 commendantes
676 1861 897 1946 significamus
928 1854 1076 1924 omnibus
1092 1853 1210 1938 quibus
1226 1851 1360 1938 expedit
1377 1870 1500 1938 presen-

382 1977 467 2042 cium
485 1993 545 2058 pcr
576 1977 728 2056 tenorem,
760 1966 848 2053 quod
878 1967 1022 2032 Fenerus
1052 1962 1136 2029 filius
1167 1958 1300 2038 Monka,
1333 1967 1365 2026 ct
1396 1958 1501 2023 Simon

381 2081 467 2146 tilius
498 2077 620 2145 Pothoz
652 2077 801 2144 similiter
821 2074 1010 2156 lobagiones
1029 2068 1135 2137 Castri
1153 2068 1297 2134 eiusdem
1314 2067 1355 2133 de
1370 2065 1501 2148 Honugd

379 2187 422 2253 ad
439 2192 580 2252 nostram
598 2185 789 2252 accedentes
819 2180 1032 2266 presenciam,
1068 2175 1216 2242 dixerunt
1247 2175 1343 2241 nobis
1374 2175 1500 2240 oraculo

381 2292 457 2358 uiue
487 2293 588 2372 uocis,
619 2299 654 2358 ut
684 2289 849 2374 quandam
874 2286 1067 2373 particulam
1083 2292 1168 2350 terre
1185 2303 1242 2350 sne
1258 2282 1302 2349 ab
1319 2282 1395 2366 alijs
1410 2281 1499 2348 terris

381 2400 450 2467 suis
467 2399 606 2483 undique
622 2397 718 2464 certis
734 2396 926 2478 stantionis
944 2393 1037 2459 metis
1053 2389 1283 2460 circumdatam
1301 2397 1334 2455 et
1350 2390 1499 2456 uallatam

381 2505 605 2574 uendidissent
621 2504 739 2572 Comiti
754 2501 876 2569 Jacobo
895 2500 963 2566 filio
980 2496 1126 2581 Magistri
1146 2496 1296 2564 Corrardi
1313 2517 1374 2581 pro
1398 2497 1502 2561 decem

382 2615 500 2681 marcis
517 2611 723 2678 denariorum
740 2608 926 2692 Banalium,
943 2627 1002 2691 pro
1019 2604 1165 2689 qualibet
1180 2624 1290 2670 marca
1306 2623 1364 2670 sex
1390 2624 1501 2689 pensas

383 2721 590 2788 denariorum
607 2719 776 2785 Banalium
794 2713 1021 2800 oonrprrtando,
1037 2714 1127 2799 prius
1143 2713 1280 2797 receptis
1290 2721 1323 2778 et
1333 2713 1501 2778 numeratis

383 2828 564 2914 abeodem,
581 2825 642 2893 sibi
660 2831 692 2890 et
708 2825 775 2891 suis
790 2821 974 2906 heredibus,
990 2827 1022 2886 et
1039 2840 1168 2886 suorum
1200 2819 1356 2886 heredum
1387 2841 1499 2887 succes-

382 2935 509 3002 soribus
539 2940 693 3021 perpetuo
725 2930 965 3018 possidendam,
992 2928 1196 3011 presentibus
1227 2930 1499 2995 oornmetanoiset

383 3041 508 3127 uicinis,
525 3040 614 3108 nullo
641 3039 770 3125 penitus
787 3059 828 3104 ex
858 3037 940 3122 ipsis
971 3034 1205 3102 contradictore
1236 3033 1404 3122 existente,
1431 3053 1498 3120 ymo

342 3137 344 3144 ¹
382 3148 494 3234 pocius
524 3147 699 3215 uendentes
733 3147 775 3213 ad
807 3144 1015 3213 uendendum
1048 3151 1079 3209 et
1110 3147 1253 3209 ementes
1279 3143 1323 3208 ad
1340 3143 1498 3210 emendum

383 3255 621 3339 permittendo;
646 3254 706 3321 tali
722 3260 830 3322 tamen
848 3251 1039 3319 condicione
1055 3250 1227 3336 mediante,
1243 3250 1330 3340 quod
1348 3253 1374 3317 si
1390 3249 1498 3332 aliquis

381 3382 439 3447 per
467 3382 653 3449 processum
686 3361 857 3427 cuiuslibet
888 3358 1054 3442 temporis,
1088 3363 1145 3424 aut
1165 3357 1280 3425 (lomes
1297 3359 1446 3442 quislibet
1460 3355 1496 3422 de

382 3469 511 3536 Bataua
527 3488 586 3555 pro
602 3475 748 3552 tempore
766 3467 956 3534 constitutus
975 3463 1134 3532 comitem
1164 3465 1324 3533 Jacobnm
1354 3465 1405 3532 rrcl
1433 3483 1499 3530 suos

380 3575 514 3642 heredes
546 3597 602 3662 pro
633 3574 781 3660 predicta
811 3581 898 3639 terra
930 3570 1104 3639 molestare
1128 3573 1227 3639 uellet
1243 3576 1296 3640 uel
1313 3571 1497 3652 intenderet,

380 3681 444 3766 ipsi
461 3685 603 3749 Fenerus
621 3689 654 3748 et
670 3683 792 3768 Symon
808 3687 863 3748 aut
879 3680 937 3764 filij
955 3681 1004 3747 sni
1023 3680 1138 3746 Comiti
1154 3680 1276 3746 Jaoobo
1309 3677 1502 3765 pronomina·

380 3785 1502 3874 tamterramueltilijssuislilnare(.)tenebunturproprijslaboribus

381 3905 412 3963 et
429 3899 592 3984 expensis.
609 3899 680 3964 Hoc
697 3904 805 3964 tamen
823 3915 976 3982 expresse
991 3895 1171 3981 declarato,
1192 3894 1277 3981 quod
1307 3895 1334 3961 si
1367 3895 1501 3961 Fenerus

381 4006 434 4069 uel
466 4005 587 4089 Symon
618 4013 677 4073 aut
701 4007 760 4090 filij
778 4005 828 4072 sui
846 4005 1063 4090 prenominati
1082 4011 1214 4090 propter
1231 4005 1384 4089 temporis
1402 4019 1501 4066 ncces·

382 4111 523 4198 uitatem,
539 4120 766 4197 paupertatem
794 4113 845 4178 uel
880 4111 991 4179 mortis
1023 4120 1171 4177 euentum
1202 4112 1247 4176 ad
1276 4107 1500 4176 confirmandus

378 4217 503 4285 litteras
536 4227 664 4288 nostras
680 4221 712 4286 in
729 4219 879 4306 Capitulo
897 4221 949 4286 uel
971 4218 1138 4304 Conuentu
1154 4219 1301 4302 quolibet
1316 4234 1496 4304 comparere

380 4346 443 4390 non
461 4335 603 4413 possent,
622 4326 806 4414 Capitulum
825 4329 877 4392 uel
897 4329 1081 4395 Conuentus
1101 4328 1239 4413 quilibet
1255 4333 1381 4393 nostras
1401 4333 1500 4411 pateu-

380 4439 486 4500 tentes
518 4436 643 4503 litteras
677 4437 744 4502 suis
778 4444 926 4503 teneatur
957 4436 1078 4502 littoris
1110 4437 1310 4503 confirmare.
1341 4436 1382 4500 Et
1405 4431 1498 4517 quiin

382 4540 571 4610 uendicione
592 4543 697 4627 ipsius
714 4552 800 4610 terre
816 4543 1038 4624 interfuerant,
1056 4544 1184 4610 illorum
1202 4542 1261 4608 heo
1272 4550 1348 4611 sunt
1363 4541 1496 4608 nomina:

381 4645 483 4730 Bana,
514 4649 628 4718 Petrus
645 4660 676 4717 et
694 4650 906 4718 Sebastianus
924 4651 981 4736 lilij
1000 4650 1155 4736 Ohepani,
1173 4651 1343 4719 lohannes
1358 4659 1388 4716 et
1403 4649 1494 4716 Chutu
