3096 5202
504 395 664 496 „es

38 587 284 658 ccitcmucnini
299 592 458 682 Stephani
476 593 684 664 manissime
715 591 814 680 aega
843 589 1012 698 sanguis
1043 586 1147 680 paces

1 720 2 772 3
37 697 127 764 nestri
140 697 302 769 karistimi
334 703 423 770 clare
452 701 694 776 recordacionis
723 703 758 770 in
789 708 877 772 etate
908 699 1082 770 tenerrima
1114 707 1148 768 et

36 805 174 891 pupillari
189 807 368 898 derelictis,
384 818 416 880 et
430 814 578 897 Regnum
593 820 737 880 nostrum
752 831 865 897 regere
874 831 939 878 non
949 807 1146 896 ualentibus,

36 915 159 982 'lbomas
174 914 215 984 de
230 915 336 1007 Kany
358 919 464 1005 primo
490 921 636 1008 Nycolao
666 918 846 1006 Woywcde
877 917 944 986 lilio
975 917 1082 999 Pauli,
1113 923 1147 984 et
1274 979 1278 993 ,

1 1035 2 1108 j
35 1021 145 1091 demum
161 1025 292 1110 crcgeo
309 1029 403 1096 fratri
421 1030 565 1099 eiusdem
592 1028 776 1099 infidelibus
798 1025 917 1098 nostris
942 1023 1145 1110 adherendo,

1 1164 3 1200 ;
34 1133 136 1200 multu
151 1133 360 1206 infidelitates
377 1144 410 1206 et
425 1135 664 1206 destrucciones
679 1136 938 1222 quamplurimas
970 1135 1004 1201 in
1033 1136 1144 1218 Regno

34 1247 128 1310 nouo
142 1243 370 1332 commisisset,
388 1253 420 1314 et
435 1247 469 1313 in
487 1253 595 1316 castro
611 1245 787 1315 eorundem
805 1246 835 1312 N
836 1245 945 1332 ynulai
961 1240 1146 1328 Woywode

1 1345 2 1396 ἶ
35 1349 192 1434 etcregen
207 1353 478 1444 Deerspalataya
493 1364 609 1425 uocato
626 1355 864 1440 commorando,
897 1353 983 1420 idem
999 1351 1143 1418 Thomas

1 1514 2 1542 ,
36 1476 128 1526 amnes
142 1462 368 1543 possessiones
384 1463 520 1534 comitis
537 1465 661 1532 Thome
675 1471 709 1534 et
725 1462 874 1548 Magistri
889 1458 1049 1528 lobannis
1063 1457 1141 1524 tilio

1 1652 2 1659 ἵ
35 1583 91 1628 mm
106 1565 264 1650 Bamabe,
298 1569 447 1656 Magistri
465 1571 606 1640 Rolandi
621 1579 654 1640 et
669 1570 829 1658 Stephani
845 1570 980 1640 tiliorum
997 1565 1142 1634 eiusdem

1 1676 2 1742 ἶ
35 1669 149 1740 combis
162 1673 297 1762 Thome,
324 1678 480 1746 nobilium
497 1679 669 1766 degenere
680 1682 783 1750 Borea
793 1678 937 1747 fidelium
949 1682 1142 1759 nostrorum,

1 1832 2 1857 2
34 1779 258 1868 mqaodijdem
269 1788 605 1873 temporesedicionis
616 1795 649 1859 et
659 1788 899 1875 guerrarum,iu
911 1787 1142 1869 Regnonmtro

1 1945 2 1991 ἒ
35 1905 81 1970 per
93 1887 233 1962 infideles
248 1895 399 1964 Berones
416 1905 547 1966 nostros
562 1905 805 1983 commotarum,
830 1896 864 1964 in
880 1893 1035 1962 fidelitate
1050 1888 1142 1956 nobis

1 2017 2 2060 t
35 1995 195 2066 etcorone
224 2002 333 2089 Regio
363 2005 475 2072 debita
504 2006 718 2092 persistentes
749 2003 932 2072 infidelibus
962 1995 1143 2066 Beronibus

35 2105 134 2173 nostris
149 2107 339 2179 nullatenus
354 2113 562 2202 adheserunt,
581 2117 709 2202 penitus
724 2113 949 2194 destruxisset,
966 2107 1142 2193 dampnum

1 2251 2 2296 3
36 2217 62 2277 at
76 2211 207 2281 odorem
225 2220 445 2287 trecentarum
462 2241 640 2290 marcarum
658 2221 781 2290 eisdem
797 2215 984 2302 irrogando.
1010 2216 1053 2282 Et
1067 2233 1140 2280 com

26 2316 137 2404 *elapsis
150 2322 247 2391 annis
263 2325 445 2412 puerilibus
462 2329 580 2396 Diniae
596 2329 730 2417 pietatis
745 2325 924 2398 clemencia
948 2323 991 2390 ad
1022 2327 1140 2390 etatem

1 2425 2 2478 l
34 2423 85 2490 bn
100 2424 239 2498 adultam
259 2453 321 2501 nos
337 2437 554 2526 perduxisset,
583 2445 615 2505 ct
631 2437 664 2504 in
681 2458 740 2505 nos
765 2435 1002 2522 recepissemus
1027 2427 1142 2513 guber·

34 2536 132 2605 meula
146 2539 251 2626 Regni
270 2543 374 2611 nostri
390 2546 489 2631 pleno
505 2546 584 2632 iure,
602 2544 829 2635 proposuimus
856 2544 926 2610 Deo
957 2536 1141 2606 auxiliante

34 2642 181 2716 refrenatis
198 2651 468 2722 malefactoribus
484 2665 517 2723 ct
532 2655 785 2723 destructoribus
801 2653 925 2720 incolae
953 2645 1058 2734 Regni
1084 2664 1141 2712 no·

35 2748 86 2838 stri,
108 2755 160 2840 qai
175 2759 334 2828 hactenus
351 2766 544 2846 grauamina
560 2762 740 2832 indicibilia
757 2768 789 2828 et
804 2761 947 2846 dampna
977 2755 1140 2824 inestima-

35 2859 96 2928 bilia
109 2883 163 2947 per
177 2867 312 2934 eosdem
329 2869 556 2940 malefactores
573 2879 605 2939 et
623 2872 837 2940 destructores
848 2865 992 2954 perpessi
1002 2864 1141 2946 inerant,

34 2963 232 3053 inpristinnm
248 2982 374 3044 statum
390 2980 637 3065 tranquillitatis
654 2988 686 3048 et
702 2979 823 3064 quietis
838 2975 1024 3045 reformare.
1041 2972 1140 3040 accc

1 3132 2 3153 t
35 3071 127 3146 lenas
143 3079 471 3167 igiturWaradinom
503 3089 544 3159 de
575 3087 743 3176 Byhorino
773 3105 913 3155 unacum
944 3079 1138 3168 quibusdam

34 3183 191 3262 Bucnibrs
207 3196 328 3264 nostris
344 3196 379 3263 in
394 3205 520 3284 septem
537 3198 763 3281 comitatibus,
789 3193 945 3264 videlicet
959 3193 993 3259 in
1019 3187 1139 3277 Bybor,

1 3335 2 3370 t
34 3289 139 3386 book,
155 3301 324 3388 Zatbmar,
339 3305 476 3390 claena,
493 3307 611 3396 Bolos,
629 3307 758 3392 Zarand
775 3313 807 3373 et
823 3299 974 3373 Zobooob
993 3297 1139 3366 nomina·

34 3397 75 3486 lis,
89 3403 278 3478 deneratam
296 3410 594 3499 congregacionem
610 3414 834 3500 Waradynum
848 3410 984 3480 lecimus
1008 3404 1139 3494 publice

33 3511 216 3589 protomart.
242 3519 325 3586 cnm
340 3520 450 3607 itaque
465 3542 525 3610 per
539 3523 706 3591 uniuersos
722 3521 859 3606 nobiles,
876 3525 908 3588 et
924 3517 1007 3586 alios
1033 3515 1138 3582 cuius·

35 3612 98 3686 litet
111 3624 307 3696 condicionis
324 3628 482 3718 homines,
498 3628 541 3698 de
557 3631 715 3718 predictis
731 3633 856 3715 septem
873 3625 1086 3696 comitatibus
1096 3620 1138 3690 ad

2 3737 3 3742 ’
34 3718 120 3806 lpum
134 3727 432 3820 congregacionem
449 3745 593 3809 nostram
609 3738 836 3827 Waradpnnm
846 3736 1050 3814 accedentes,
1064 3751 1137 3818 pre·

2 3856 3 3930 3
33 3825 276 3912 decusationes
292 3845 333 3912 de
349 3847 456 3936 Kany,
484 3850 539 3932 qni
554 3849 599 3916 ad
615 3849 721 3934 ipsam
753 3844 1049 3934 congregacionem
1079 3859 1136 3908 no·

34 3944 117 4009 tlram
132 3949 241 4018 uenire
257 3973 323 4020 non
340 3957 478 4042 curauit,
509 3957 542 4024 in
559 3955 634 4026 labe
645 3956 722 4025 torti
737 3962 772 4024 et
797 3952 973 4040 latrocinij,
1005 3971 1045 4020 ae
1075 3967 1134 4038 pro

2 4051 3 4115 ζ
34 4043 210 4125 tlesboetore
243 4060 423 4130 incolarum
445 4064 549 4150 Regni
575 4066 678 4134 nostri
694 4067 727 4133 io
744 4069 920 4150 conspecto
935 4061 1054 4130 Nostro
1067 4059 1136 4125 Ma·

1 4206 3 4228 a
35 4162 149 4236 sescus
164 4175 336 4238 accusatus
353 4172 516 4242 extitisset
532 4184 565 4242 et
580 4175 711 4261 publice
739 4170 982 4261 proclamatns;
1014 4174 1047 4235 et
1075 4185 1135 4254 per

33 4265 302 4344 proclamacionem
319 4281 494 4348 eorundem
512 4283 613 4350 Nobis
634 4281 836 4350 constitisset
860 4277 1039 4363 euidenter,
1065 4293 1134 4360 pre·

3 4397 5 4406 ·
34 4374 208 4448 nominatum
225 4382 384 4453 'rhomam
400 4387 443 4454 de
474 4389 574 4475 Kany
603 4410 716 4460 omnes
746 4387 969 4477 possessiones
1000 4381 1136 4451 comitis

3 4551 4 4554 ,
34 4471 146 4574 lucos,
161 4489 387 4577 Magistrorum
404 4495 564 4568 lobannis
581 4507 613 4568 et
627 4498 766 4568 Rolarmi
782 4517 822 4566 ac
846 4495 1003 4588 Stephani
1028 4488 1133 4582 predi·

3 4639 4 4684 3
36 4588 137 4659 tiorum
153 4595 359 4689 destruxisse,
377 4610 411 4672 et
426 4605 546 4674 eisdem
565 4605 739 4695 dampnum
755 4607 799 4674 ad
815 4609 958 4676 calorem
974 4611 1132 4675 trecenta

3 4783 5 4818 ἰ
33 4707 94 4760 unm
107 4717 279 4778 marcarum
295 4710 446 4782 intulisse
465 4739 473 4781 :
490 4716 558 4784 Nos
574 4715 681 4802 ipsum
697 4717 856 4786 Thomam
883 4716 924 4785 de
949 4717 1042 4804 Konp
1072 4735 1132 4805 pro
