3142 5198
883 955 960 1026 384.

354 1158 397 1215 ala
412 1156 480 1238 epri
496 1153 723 1240 leoprtoloooolo
739 1155 1016 1240 bizeapsciqleeele,
1045 1159 1127 1242 hopy
1143 1152 1234 1223 Atra
1251 1158 1475 1244 rrerrszotse'phala'

355 1259 469 1325 lernou
483 1270 603 1346 oleaster,
619 1261 729 1346 Ereey
745 1263 874 1327 beonet
883 1264 949 1350 fio,
969 1263 1076 1330 Zuhui
1093 1261 1202 1329 Athe-rr
1218 1268 1381 1332 eeuaesuek
1403 1265 1474 1334 Fru-

615 1367 733 1436 borehe
747 1370 901 1455 halyse‘get
923 1370 1093 1456 dteaqedte'.
1117 1371 1215 1436 1287.

462 1562 620 1632 Omnibus
646 1561 766 1631 Christi
783 1562 932 1633 fidelibus
948 1571 1015 1632 tam
1031 1566 1236 1652 presentibus
1251 1587 1350 1651 quam
1367 1566 1475 1633 futuris

355 1690 488 1756 presens
506 1672 660 1756 seriptum
694 1671 890 1756 inspecturis
922 1673 1104 1760 Capitulum
1136 1673 1283 1742 Ecclesie
1315 1673 1474 1761 Agriensis

355 1777 493 1844 salutem
503 1778 536 1845 in
546 1779 687 1846 omnium
703 1781 876 1848 saluatore.
893 1779 945 1846 Ad
963 1782 1186 1848 uniuersorum
1202 1780 1359 1848 noticiam
1374 1789 1474 1848 tenere

356 1887 557 1968 presencium
590 1888 737 1954 velumus
768 1889 968 1974 peruenire;
1001 1887 1087 1974 quod
1125 1889 1283 1972 Magistro
1319 1887 1474 1975 Stephane

354 1992 421 2064 lilio
436 1993 545 2081 Erney
570 1997 654 2064 Bani
671 1996 712 2063 de
728 2017 847 2080 genere
862 1997 954 2065 Akus
970 2018 1011 2064 ex
1028 2018 1094 2065 una
1109 2006 1214 2084 parte,
1230 1997 1273 2064 ab
1289 1997 1394 2066 altera
1407 2017 1474 2064 vero

357 2098 480 2168 Gemite
497 2104 631 2173 Alberto
648 2105 713 2172 lilio
727 2104 887 2174 Jehannis
904 2106 944 2173 (le
975 2106 1077 2192 Zuha,
1109 2126 1217 2174 eoram
1249 2105 1344 2174 nobis
1376 2126 1474 2192 perse

355 2207 473 2277 naliter
504 2213 704 2298 constitutis3
729 2212 873 2300 prelatos
913 2214 1067 2299 Magister
1097 2214 1284 2299 Stephanus
1318 2212 1473 2301 proposuit

355 2315 523 2405 viuauooe,
541 2321 628 2406 qued
644 2323 808 2405 quandam
825 2330 943 2390 terram
964 2343 1053 2390 suam
1087 2321 1317 2389 hereditariam
1351 2321 1474 2387 Fulber·

355 2425 416 2492 eha
430 2427 630 2496 nominatam
646 2431 851 2497 incomitatu
862 2430 904 2495 de
921 2429 1046 2497 Bersod
1063 2431 1264 2514 existentem,
1282 2429 1345 2497 sub
1363 2426 1473 2495 eisdem

356 2533 451 2600 oertis
482 2537 576 2602 metis
592 2544 626 2602 et
641 2537 791 2622 antiquis,
813 2539 929 2622 quibus
946 2538 1016 2624 ipse
1032 2537 1230 2623 possidebat,
1246 2557 1318 2604 omn
1336 2535 1472 2602 omnibus

356 2640 550 2710 utilitatibus
581 2652 613 2710 et
642 2647 853 2732 pertiueneijs
885 2646 963 2733 suis,
994 2647 1036 2713 eb
1052 2645 1473 2730 meritaseruioiorurn,que
1517 2713 1519 2716 ,

354 2750 426 2835 ipse
442 2752 590 2821 hibertus
606 2752 668 2820 sibi
684 2754 821 2821 fideliter
846 2754 999 2840 exhibuit,
1030 2751 1219 2839 exponendo
1250 2772 1288 2818 se
1320 2773 1379 2838 pre
1410 2752 1472 2836 ipso

356 2859 504 2926 omnibus
535 2861 665 2929 oasibus
696 2862 833 2948 fortune,
865 2870 896 2927 et
926 2862 1038 2930 letalia
1073 2863 1193 2929 ulnera
1225 2861 1423 2940 tollerande;
1446 2863 1472 2922 et

354 2970 540 3053 specialiter
555 2990 614 3053 pre
642 2991 779 3056 sumpna
810 2971 982 3056 sexaginta
1013 2990 1204 3054 marearum,
1234 2969 1350 3053 quibus
1382 2967 1473 3032 dietus

355 3076 506 3144 Albertus
538 3077 578 3145 de
595 3077 793 3164 eaptiuitate,
824 3079 858 3144 in
876 3099 940 3161 qua
957 3099 1029 3144 eum
1047 3077 1157 3144 eodem
1175 3084 1207 3143 et
1223 3097 1281 3161 pre
1298 3075 1409 3142 eodem
1424 3092 1473 3159 per

356 3183 544 3267 Magistrum
575 3185 706 3270 Fyrrtha
737 3185 779 3252 de
811 3205 929 3267 genero
960 3185 1032 3251 Aba
1074 3184 1223 3250 detentus
1257 3181 1415 3265 extiterat,
1443 3197 1472 3245 se

354 3291 500 3382 redemit,
533 3292 679 3360 dedisset
710 3299 741 3359 et
772 3293 972 3378 contulisset,
1003 3293 1067 3380 ipsi
1094 3291 1238 3378 ailberto,
1255 3298 1287 3356 et
1304 3290 1470 3377 peripsum

355 3401 424 3467 suis
440 3399 613 3468 heredibus
630 3400 848 3487 heredumque
863 3423 992 3468 suorum
1026 3399 1277 3483 suecessoribus,
1305 3400 1381 3482 juro
1411 3414 1473 3483 per·
1549 3479 1551 3494 ,

352 3515 450 3590 petuo
482 3515 513 3574 et
544 3509 799 3577 irreuooabiliter
834 3511 967 3595 pacifice
989 3508 1220 3594 possidendam
1238 3505 1471 3573 ethabenrlau.
1549 3497 1551 3560 ἶ

354 3615 495 3700 Insuper
509 3609 666 3700 obligauit
682 3639 717 3686 se
742 3617 849 3685 dietus
881 3618 1037 3702 Magister
1068 3615 1254 3702 Stephanus
1285 3620 1318 3680 et
1348 3611 1471 3680 heredes
1549 3631 1551 3664 ι

353 3743 441 3810 sues,
475 3724 652 3808 predictum
670 3726 825 3792 Comitem
846 3725 1014 3792 Albertum
1032 3732 1063 3792 et
1079 3724 1216 3792 herodes
1232 3745 1309 3790 sues
1325 3723 1366 3787 ab
1381 3716 1470 3786 omui·
1549 3719 1551 3741 '

355 3833 416 3900 bus
431 3831 562 3899 racione
594 3835 717 3916 prefate
747 3837 831 3901 terro
863 3835 1009 3918 inpetere
1040 3834 1217 3902 nitentibus
1249 3830 1419 3898 defendere
1444 3831 1471 3888 el

355 3939 507 4023 expedire
524 3941 665 4025 proprijs
682 3941 850 4009 laboribus
868 3949 900 4006 et
916 3943 1079 4029 expensis,
1097 3950 1129 4008 et
1144 3941 1178 4008 in
1195 3939 1333 4026 paeifiea
1357 3949 1470 4023 posses

355 4047 446 4114 siene
462 4048 566 4132 ipsius
581 4053 667 4115 terre
681 4049 898 4135 indempniter
913 4069 1116 4116 conseruare.
1154 4050 1192 4114 In
1210 4049 1302 4115 euius
1320 4046 1364 4112 rei
1394 4040 1469 4108 testi·

354 4154 498 4223 monium
530 4157 573 4223 ad
604 4157 796 4248 iustauoiam
829 4159 932 4245 ipsius
963 4158 1114 4242 Magistri
1147 4157 1302 4243 Stephani
1320 4158 1469 4240 presentes

353 4263 549 4332 contulimus
581 4264 679 4349 sigilli
712 4266 814 4333 nestri
844 4265 1021 4332 munimine
1052 4267 1232 4332 roboratas.
1272 4261 1467 4356 Breseutibus

352 4381 463 4439 tamen
479 4374 635 4458 Magistro
651 4374 750 4441 Saule
766 4376 910 4462 hectore,
925 4373 1025 4460 Myke
1037 4371 1315 4456 Custode,‘Maree
1331 4373 1468 4450 cantore,

353 4481 491 4548 Martiae
508 4480 548 4548 de
565 4482 683 4572 Heues,
701 4483 836 4552 Micelae
857 4483 897 4548 de
914 4483 1069 4569 Sumbuu,
1086 4479 1253 4549 Beruarde
1278 4481 1319 4546 de
1348 4481 1465 4558 Mersus,

352 4589 515 4672 Gregorio
548 4589 588 4659 de
620 4591 772 4678 Zaheloh,
805 4591 944 4660 Martine
962 4591 1002 4658 de
1017 4590 1164 4676 Zemlyu,
1182 4590 1276 4656 Petro
1293 4589 1332 4656 de
1347 4589 1466 4668 K'euey,
