3190 5190
907 251 1067 351 2¹2..

421 449 466 516 ad
483 449 605 533 Regem
622 447 833 519 transtulerat
857 445 1082 533 Bobemorum,
1100 453 1133 514 et
1164 447 1291 514 demum
1325 439 1397 513 curn
1430 447 1534 516 codem

421 559 557 624 Herrico
589 565 621 623 et
650 556 729 644 filijs
760 571 800 619 ac
830 553 1014 620 fautoribus
1045 553 1123 637 suis,
1154 553 1209 638 qui
1240 553 1365 619 Ducem
1381 552 1537 621 Andrean

422 663 555 732 fratrem
584 667 730 732 nostrum
762 658 972 726 karissimum
1004 680 1129 746 rapere,
1161 667 1194 726 et
1226 659 1403 728 exereitum
1435 658 1540 728 ducere

423 779 536 840 contra
552 769 713 840 Coronam
730 766 877 852 Regiam,
895 787 933 832 ao
945 755 1073 834 hastam
1092 765 1235 853 dirigere
1251 774 1366 834 contra
1381 785 1541 852 personam

423 887 566 950 nostram
583 900 650 947 non
666 883 742 946 sunt
757 874 865 956 ueriti,
880 875 1104 942 infidelitatem
1129 875 1349 962 manifestam,
1366 881 1400 943 et
1432 876 1543 942 crimen

424 988 491 1056 lese
523 985 702 1054 Maiestatis
741 982 990 1068 commiserunt;
1025 988 1057 1049 et
1088 983 1277 1069 specialiter
1306 985 1342 1052 in
1372 983 1445 1070 boc,
1477 981 1545 1066 quia

424 1101 522 1163 nacta
537 1091 691 1177 temporis
707 1089 877 1158 occasione
896 1109 969 1158 cum
995 1089 1181 1159 hominibus
1212 1091 1315 1176 Regis
1346 1089 1543 1160 Robemicsa

423 1198 687 1285 prodicionaliter
718 1197 953 1266 immissoeutes
985 1204 1098 1266 uastus
1128 1195 1274 1267 iecerunt
1288 1199 1447 1285 plurimos
1462 1197 1537 1264 inira

424 1307 578 1375 terminos
592 1305 696 1390 Regni
712 1305 815 1374 nostri
832 1329 840 1371 z
857 1323 917 1372 nos
933 1304 1063 1374 eosdem
1083 1306 1272 1392 sagittarios
1282 1327 1303 1372 a
1313 1306 1424 1392 gracia
1441 1311 1543 1372 nostra

425 1419 458 1480 et
474 1413 587 1481 fauore
616 1413 718 1498 Regio
750 1420 882 1500 propter
912 1419 1001 1481 tante
1035 1412 1240 1482 infidelitatis
1272 1419 1383 1480 notam
1414 1412 1546 1478 finaliter

427 1520 650 1608 excludentes,
666 1521 868 1608 priuauimus
883 1521 1013 1588 eosdem
1030 1521 1064 1586 in
1081 1526 1273 1608 perpetuam
1289 1517 1490 1586 infidelitatis
1505 1517 1544 1603 ip

427 1647 536 1696 sorum
552 1627 768 1712 ignominiam
785 1628 881 1694 terris
897 1647 1008 1694 eorum
1025 1628 1122 1694 cultis
1133 1633 1165 1694 et
1174 1625 1314 1708 incultis,
1324 1624 1426 1708 siluis,
1436 1623 1543 1711 pratis,

427 1736 622 1821 nemoribus,
639 1741 672 1802 et
687 1735 835 1803 omnibus
851 1733 925 1819 aMJs
941 1733 1076 1819 iuribus,
1093 1753 1155 1818 que
1179 1738 1256 1799 ante
1286 1739 1415 1816 tempus
1445 1728 1547 1798 huius

428 1843 516 1911 modi
546 1841 747 1910 infidelitatis
772 1841 946 1909 commisso
962 1842 995 1907 in
1011 1841 1173 1908 comitatu
1191 1838 1301 1908 (lustri
1318 1837 1428 1906 Ferrei
1444 1845 1547 1905 tenue·

427 1958 511 2038 runt,
527 1949 599 2017 sine
614 1957 672 2035 spe
688 1949 731 2016 ad
762 1948 854 2016 illam
884 1949 953 2017 ullo
984 1969 1125 2032 unquam
1156 1954 1301 2035 tempore
1331 1945 1498 2014 redeundi
1512 1945 1552 2010 st
1590 1937 1592 2036 ζ

427 2058 505 2142 quia
534 2056 670 2142 equitati
699 2057 855 2140 congruit,
879 2064 912 2124 et
927 2062 977 2123 est
992 2063 1244 2124 consentaneum
1275 2054 1411 2138 racioni,
1425 2061 1462 2120 ut
1477 2050 1547 2120 insti
1590 2047 1592 2138 l

427 2163 591 2232 laboribus
608 2162 780 2246 impiorum
796 2163 1024 2248 perfruuntur;
1050 2182 1110 2230 nos
1143 2160 1432 2229 commendabilem
1456 2158 1552 2228 fideli·
1590 2171 1592 2242 j

427 2277 527 2338 tatem
559 2277 592 2338 et
622 2274 717 2354 grata
747 2268 903 2355 obsequia
943 2268 1105 2336 Herrandi
1135 2268 1282 2353 Magistri
1323 2267 1548 2354 Dapiierorum
1589 2255 1592 2314 l

428 2375 558 2444 domins
572 2377 697 2460 Regius
713 2377 871 2443 consortis
887 2383 996 2444 nostre
1026 2374 1202 2442 karissime
1218 2382 1253 2443 et
1283 2375 1416 2443 Comitis
1448 2371 1550 2440 Borsi-
1590 2331 1592 2390 i

429 2483 516 2551 ensis
533 2489 563 2550 et
578 2481 620 2550 de
636 2482 800 2569 Ssmptey,
833 2481 952 2567 quibru
967 2487 1035 2549 tam
1051 2487 1161 2550 nostro
1178 2502 1276 2568 quarn
1291 2482 1549 2570 predecessorum

428 2595 608 2658 nostrorum
638 2587 815 2656 illustrium
845 2588 972 2672 Regum
1002 2588 1168 2672 Hungarie
1199 2595 1344 2678 tempore
1374 2589 1499 2657 studuit
1520 2592 1551 2654 ut

428 2695 568 2762 fideliter
597 2695 646 2762 sio
669 2702 702 2760 et
715 2694 928 2762 laudabiliter
957 2693 1118 2784 famulari,
1143 2696 1359 2784 attendentes,
1375 2704 1479 2765 totam
1495 2703 1553 2762 ter·-

429 2823 510 2890 ram,
540 2809 572 2868 et
587 2801 696 2867 omnia
726 2802 795 2871 alia
819 2805 900 2889 jura
929 2802 1171 2884 sagittariorum
1203 2803 1380 2872 eorundem
1409 2804 1445 2870 in
1464 2801 1555 2869 metis

429 2909 589 2997 prioribus
619 2915 652 2976 et
666 2908 819 2995 antiquis,
850 2910 892 2976 de
908 2909 1073 2978 Baronum
1089 2917 1268 2980 nostrorum
1285 2912 1431 2998 consilio,
1449 2911 1550 2978 eidem

430 3015 585 3102 Magistm
602 3015 783 3104 Herrando,
800 3023 833 3084 et
847 3036 906 3101 per
922 3035 994 3084 eum
1014 3016 1082 3086 suis
1112 3017 1301 3106 heredibus,
1331 3017 1549 3102 heredumque

429 3143 559 3191 suorum
590 3121 798 3208 imposterum
829 3123 1078 3208 successoribus,
1110 3123 1269 3192 domans
1301 3130 1415 3192 nostra
1448 3129 1553 3192 contu·

428 3230 526 3298 limus
556 3229 815 3298 irreuocabiliter
843 3237 998 3317 perpetuo
1038 3229 1255 3317 possidenda3
1287 3231 1487 3320 inhibentes,
1517 3248 1557 3298 ue

429 3338 528 3424 ijdem
560 3335 722 3421 sagittarij
757 3343 813 3402 aut
828 3355 937 3403 eorum
953 3336 1075 3420 posteri
1091 3337 1158 3405 ullo
1174 3357 1316 3423 unquam
1336 3345 1489 3423 tempore
1511 3355 1556 3406 ro

430 3461 577 3530 gressum
588 3441 709 3511 babere
718 3443 852 3511 ualeant
861 3440 903 3510 ad
913 3450 1031 3512 terram
1047 3450 1263 3532 prenotatam.
1281 3444 1325 3512 Ut
1340 3445 1443 3528 igitur
1459 3443 1555 3512 buius

429 3549 618 3618 collacionis
647 3557 757 3618 nostre
788 3548 890 3619 senes
922 3553 1018 3619 robur
1048 3560 1204 3638 perpetue
1219 3553 1383 3620 firmitatis
1399 3553 1556 3638 obtineat,

430 3677 491 3726 nec
507 3657 573 3724 ullo
590 3676 731 3740 unquam
764 3663 911 3743 tempore
941 3659 1109 3726 retractari
1140 3660 1261 3746 ualeat,
1291 3663 1348 3728 aut
1363 3659 1398 3726 iu
1431 3660 1557 3728 irritum

428 3761 671 3850 quomodolibet
702 3765 874 3851 reuocari,
896 3773 1062 3852 presentes
1097 3766 1162 3851 ipsi
1193 3766 1350 3851 Magistro
1384 3765 1562 3835 Herrando

427 3872 643 3940 concessimus
658 3871 785 3940 litteras
802 3872 966 3960 duppliois
982 3874 1082 3958 sigilli
1097 3875 1202 3958 nostri
1217 3874 1394 3942 munimine
1426 3875 1559 3943 robora·
1590 3889 1592 3954 5

427 3986 489 4046 tas.
521 3979 641 4045 Datum
671 3997 731 4064 per
746 3999 861 4047 manus
891 3980 1041 4066 Magistri
1071 3981 1241 4050 Benedicti
1260 3981 1381 4049 Sancte
1400 3977 1559 4067 Strigoui

429 4087 515 4154 ensis
531 4086 677 4153 Ecclesia
692 4086 803 4174 Electi,
821 4087 1031 4174 eiusdemque
1047 4088 1112 4156 loci
1128 4087 1262 4156 Comitis
1285 4087 1456 4174 Perpetui,
1490 4085 1567 4156 Pro

428 4191 529 4280 positi
544 4192 708 4261 Budensis
722 4200 755 4261 st
767 4193 843 4260 aule
857 4201 966 4264 nostre
980 4194 1262 4280 viee-canoerlcrij
1280 4192 1392 4261 dilecti
1410 4200 1445 4260 et
1455 4192 1566 4261 fidelis

428 4300 529 4370 nostri
547 4322 634 4369 anno
650 4300 783 4370 Domini
793 4302 912 4370 Μθῡῡο
923 4303 1165 4390 septuagesimo
1180 4309 1303 4390 quarto,
1319 4307 1438 4386 quarto
1455 4321 1563 4370 nonas

427 4410 626 4496 Decembris,
662 4409 846 4477 lndiocione
882 4409 1035 4493 secunda,
1070 4410 1176 4496 Regni
1210 4417 1318 4479 autem
1343 4410 1450 4480 nostri
1475 4373 1592 4507 annui

426 4516 577 4583 secundo.
607 4513 856 4586 venerabilibus
873 4518 1020 4604 patribus
1038 4518 1204 4604 Stephano
1221 4515 1402 4600 (tolosensi,
1430 4516 1564 4584 Jobau·
1590 4515 1592 4530 ‘
