3162 5200
581 389 646 453 223

14 581 201 662 latinum,
217 577 426 666 Woynodam,
442 579 627 668 fratresque
643 603 755 651 eorum
766 598 841 650 ease
850 579 1026 666 allegerat,
1042 577 1180 647 baberet

14 683 209 768 oonteets
239 693 348 753 eontra
364 683 495 754 eosdem
511 687 555 755 ad
571 697 706 757 ootanas
723 686 789 755 diei
805 687 913 772 madij
923 684 1175 770 quadragesime

75 801 137 860 tene
150 791 282 860 &nouo
298 795 480 881 preteritas,
496 795 571 864 sine
585 795 826 866 crastinaetone
834 793 874 860 in
900 792 1085 879 Speeialem
1109 790 1175 857 No-

71 907 129 966 stro
142 899 314 967 Maiestatis
330 901 536 968 Preseneiam
553 910 706 970 enoeatns
723 901 885 969 extitisset
901 902 982 985 stb.;
1008 898 1087 982 quia
1111 897 1174 963 ath.

74 1005 168 1072 eaden
182 1026 278 1074 eausa
308 1007 394 1076 inter
424 1018 536 1093 partes
569 1007 785 1078 diuersimode
815 1007 975 1076 ventilata
1006 1009 1177 1091 presentes

74 1115 187 1178 solenes
200 1109 272 1180 sesti
288 1113 534 1182 Purifiooeionis
550 1115 651 1182 Beate
668 1113 812 1200 Virginis
827 1114 923 1182 modo
939 1112 1090 1183 dilatoris
1101 1113 1175 1178 atti·

14 1225 19 1310 l
74 1218 174 1300 ginet3
193 1217 332 1304 denique
349 1220 431 1307 ipsis
446 1222 572 1288 sotanis
588 1221 796 1306 instantibus,
828 1222 1022 1305 interimque
1046 1215 1173 1304 prelato

14 1311 39 1392 i·
73 1322 199 1392 tnerioo
213 1327 375 1412 Palatino,
402 1336 437 1393 et
451 1327 618 1413 Stephano
636 1329 702 1396 filio
719 1328 809 1396 Petri
825 1330 867 1396 de
892 1327 1001 1396 medio
1031 1324 1171 1393 sublatis

14 1389 19 1540 i
72 1430 122 1498 stb.
135 1434 230 1516 primo
244 1432 429 1517 prelibatus
446 1433 633 1519 Stephanus
649 1435 822 1520 Woyuoda
838 1433 901 1500 tria
918 1431 1091 1520 priuilegia
1106 1431 1168 1497 stb.

14 1551 19 1644 Ι
70 1546 164 1604 nostro
177 1539 281 1607 offerri
297 1541 426 1608 nurauit
443 1543 583 1608 examini
594 1543 771 1628 judiciario
787 1542 850 1610 stb.
860 1541 1007 1610 Tandem
1025 1543 1174 1626 prenota-

14 1645 18 1744 ᾗ
51 1651 114 1710 ¹tus
128 1645 268 1716 Nioolaus
285 1649 374 1716 lilius
390 1651 520 1718 Nieolai
536 1657 607 1717 outo
625 1650 800 1736 priuilegia
818 1652 881 1718 stb.
899 1647 997 1716 simul
1011 1667 1083 1714 eum
1101 1644 1174 1727 aliis

72 1752 170 1834 viginti
184 1755 313 1824 duabus
328 1756 449 1824 litteris
465 1761 526 1825 stb.
546 1767 688 1826 nostrum
716 1758 868 1844 produxit
894 1756 928 1822 in
959 1758 1173 1839 conspectum.
1309 1743 1314 1752 ’

71 1857 190 1934 Quorum
221 1863 355 1946 quidem
386 1865 631 1950 priuilegiorum
663 1869 800 1950 primurn
832 1867 894 1934 stb.
926 1863 1042 1930 Tereia
1065 1867 1173 1928 autern

69 1964 262 2038 litteratitulo
279 1972 421 2040 nominis
436 1975 528 2040 onius
544 1974 587 2040 sit
617 1994 744 2060 carens,
775 1993 861 2040 anno
893 1970 1026 2038 Domini
1055 1963 1174 2036 ΜῡΟΟ0

68 2069 160 2139 tillir
174 2079 310 2163 septimo
326 2082 360 2146 in
377 2079 513 2164 Zynoha
528 2081 562 2146 in
586 2081 721 2165 virgilio
751 2081 846 2146 Beati
878 2078 994 2147 Jaoobi
1025 2075 1174 2162 Apostoli

69 2191 199 2250 emanata
214 2183 405 2270 Magistrum
421 2187 609 2256 Haholdnm
627 2207 685 2273 pro
701 2186 806 2255 Keled
830 2187 898 2254 fillo
930 2181 1034 2252 Keled
1063 2183 1107 2268 id,
1141 2189 1175 2248 ut

68 2283 201 2358 Nieolaus
216 2292 304 2360 filius
321 2293 458 2361 Arnoldi
475 2297 611 2364 eundern
630 2293 784 2364 Comitem
801 2295 904 2362 Keled
922 2295 955 2360 in
971 2313 1031 2360 sna
1048 2310 1173 2376 posses-

65 2393 146 2461 sione
160 2397 278 2482 Nyohk
294 2401 391 2469 bonis
407 2402 555 2469 omnibus
570 2403 759 2489 spoliasset,
776 2401 919 2488 dampna
934 2402 1037 2466 multa
1067 2397 1173 2466 sidem

68 2498 214 2572 inferendo
230 2514 437 2593 protestesse
452 2511 515 2578 stb.
532 2513 734 2596 explanabat
749 2513 812 2578 stb.
852 2511 971 2576 Datum
989 2507 1050 2574 stb.
1083 2506 1173 2574 Bnde

68 2607 203 2692 signino
218 2615 274 2682 die
299 2625 490 2686 oolanarnm
521 2619 595 2686 festi
625 2619 868 2686 Purifioaoionis
899 2619 1000 2684 Beate
1034 2614 1174 2697 Virginis

65 2715 260 2802 prediotarnm
277 2743 369 2790 anno
383 2725 515 2793 Domini
531 2727 678 2794 ll00000
694 2725 935 2812 septuagesimo
951 2728 1054 2806 sexto,
1070 2723 1174 2806 Regni

64 2834 154 2894 aulem
168 2833 271 2898 nostri
288 2852 377 2899 anuo
394 2833 558 2902 tricesimo
578 2837 698 2919 quinto.

261 3031 404 3092 (Eredetie
424 3047 441 3083 a
458 3031 543 3082 budai
555 3031 608 3082 kir.
621 3032 748 3082 kamarai
760 3031 957 3095 levelttrnan.)

98 4134 269 4205 Bekeledtes
286 4136 423 4222 Spoloto
440 4139 471 4202 ee
493 4137 580 4203 Trou
597 4136 1128 4204 delmatioiociroaolelrdzt.1277

14 3543 22 3968 ι

154 4329 193 4396 ln
215 4331 349 4400 nomine
378 4333 511 4410 Domini
540 4332 655 4400 Arnen.
681 4331 776 4399 Anno
796 4331 1174 4400 ΙιιιιιιιιιιιίοιιίιιίιιιΜο

14 4427 104 4562 GC
110 4435 207 4506 οΙιΧΧ
213 4437 305 4505 ⁰VII⁰
318 4460 429 4508 mense
445 4437 536 4509 Junii
551 4440 604 4506 die
622 4437 1061 4522 vltimaindieoionequinta
1078 4439 1172 4504 Tem·

14 4465 180 4638 iporibns
220 4547 371 4630 equidem
413 4546 533 4616 domini
579 4548 696 4616 Jacobi
727 4546 900 4614 Contereni
935 4546 1044 4612 Inoliti
1074 4545 1177 4612 Dnois

14 4639 267 4738 leaenarum,
283 4664 327 4722 et
324 4653 480 4739 Magistri
506 4627 671 4741 Laurentij
704 4655 901 4722 venerabilis
931 4655 1100 4722 Jadrensis
1116 4655 1174 4719 Ar-
