3160 5200
337 1143 379 1210 -A
403 1143 504 1208 badar'
527 1113 754 1228 aspectarent
775 1140 929 1224 jurensem
961 1139 1025 1203 111.
1050 1137 1162 1202 Eudo-c
1184 1138 1360 1222 lclrdlylos,
1394 1139 1473 1222 lropp

435 1247 567 1316 ‚wodor
590 1267 689 1312 cemos
705 1244 818 1311 Murul
835 1243 1017 1330 hclpstpbsn
1032 1242 1262 1310 stutudltutott.
1285 1245 1386 1308 1295.

455 1441 639 1528 Capitulum
656 1436 817 1508 Budensis
835 1436 980 1505 Ecclesie
995 1435 1142 1502 omnibns
1168 1436 1292 1503 Christi
1323 1436 1469 1504 fidelibus

340 1546 553 1638 presentibus
568 1545 690 1634 pariter
706 1552 738 1612 et
754 1543 870 1612 suturis
897 1543 1100 1628 presencium
1126 1541 1279 1609 noticiam
1313 1543 1469 1610 habituris

341 1658 483 1728 salutem
515 1655 548 1722 iu
575 1653 723 1735 ,omnium
754 1652 929 1720 saluatoro.
962 1649 1013 1718 Ad
1052 1648 1278 1718 uniuersorum
1322 1649 1471 1717 noticiam

97 1769 99 1776 ’
223 1751 228 1756 ’
337 1764 455 1832 irarum
475 1761 559 1842 scric
576 1762 724 1827 volumus
741 1756 921 1844 peruenire,
945 1755 1032 1841 quod
1058 1755 1174 1838 Comes
1204 1757 1357 1824 Andreas
1386 1756 1469 1824 filins

342 1866 491 1954 Adryani
522 1867 562 1934 dc
599 1865 755 1950 Scdthwy
786 1863 826 1929 de
858 1882 976 1948 genere
1010 1861 1125 1930 chaat
1142 1883 1207 1931 vna
1222 1883 1295 1929 uam
1312 1862 1394 1950 filijs
1409 1863 1471 1930 suis

343 1977 441 2044 Petro
457 1983 489 2042 et
504 1975 653 2044 Jonanne
679 1971 853 2038 nominatis
885 1971 928 2037 ad
961 1977 1106 2038 nostram
1138 1989 1293 2056 persone·
1310 1969 1385 2038 liter
1416 1990 1469 2040 sun

331 2082 424 2149 -clens
456 2080 656 2167 presencium
703 2076 850 2144 exhibuit
895 2077 989 2144 nobis
1034 2074 1160 2144 litteras
1201 2076 1472 2144 Excellentissimi

338 2185 505 2274 Principis
537 2185 664 2254 Andrus
682 2183 742 2250 Dei
762 2185 876 2269 gracia
906 2183 1045 2250 illustris
1072 2183 1171 2266 Regis
1201 2181 1370 2266 Hongarie
1386 2183 1468 2269 (luy)

332 2297 431 2363 nuno
448 2301 590 2363 tenorem
608 2294 828 2359 continentes:

452 2397 599 2465 Andreas
614 2397 677 2464 Dei
692 2398 804 2480 grecia
819 2397 888 2464 Rex
907 2397 1071 2480 Hungaric
1086 2399 1148 2464 stb.
1171 2397 1389 2479 (ktvotlresik
1416 2399 1473 2464 III.

338 2507 454 2574 rllndre
470 2501 649 2592 kirtlynak
664 2503 835 2588 renectere,
854 2504 934 2570 mint
950 2503 1081 2571 lentebb
1098 2505 1175 2572 458.
1192 2522 1236 2569 sc.
1255 2509 1303 2589 a.)
1559 2488 1563 2496 ⁶

388 2667 390 2672 Α
455 2610 536 2678 Cum
552 2610 649 2696 igitur
664 2631 723 2680 nos
749 2612 840 2677 iuxta
871 2617 1057 2696 preceptum
1089 2609 1210 2677 domini
1241 2610 1346 2678 nostri
1378 2609 1470 2695 Regis

342 2739 410 2786 vua
441 2737 513 2784 cum
545 2716 691 2802 predicto
721 2715 902 2783 Laurencio
920 2716 986 2783 lilio
1003 2716 1112 2782 Bench
1128 2716 1258 2783 homine
1275 2736 1337 2783 sno
1354 2717 1467 2785 discre-

344 2823 534 2895 tumultum
561 2823 748 2909 Magistrum
782 2822 940 2890 Thomnm
972 2823 1222 2891 concanonicum
1254 2831 1401 2893 nostrum
1429 2821 1471 2890 au

344 2934 498 3021 predicte
529 2933 598 2998 eius
630 2929 785 2997 mandute
816 2928 957 2996 fideliter
988 2929 1180 3013 exequenda
1211 2951 1270 3014 pro
1287 2930 1466 2999 testimonio

345 3037 646 3124 transmisissemus,
664 3043 695 3104 et
712 3033 795 3102 idem
813 3034 934 3102 domini
966 3036 1065 3121 Regis
1096 3037 1191 3103 homo
1210 3057 1249 3103 ac
1281 3039 1388 3123 ipsum
1419 3056 1457 3103 no
1569 3047 1571 3058 ·

225 3219 233 3229 ,
333 3155 448 3217 'strum
482 3143 700 3213 testimouium
732 3160 869 3209 unacum
904 3139 1049 3229 predicto
1080 3142 1203 3211 Gemite
1242 3143 1375 3210 Andres
1405 3142 1467 3210 lilio

199 3339 204 3346 Ι
346 3252 497 3341 Adrysni
516 3257 548 3317 et
564 3249 633 3317 suis
648 3248 724 3339 lilijs
740 3247 783 3314 sd
804 3268 860 3316 nos
895 3250 1016 3316 reuersi
1049 3248 1253 3333 extitissent;
1277 3251 1369 3319 nonis
1399 3269 1470 3315 oon-

346 3379 429 3427 sona
460 3375 540 3426 rone
556 3358 733 3426 retulerunt
750 3382 757 3422 :
774 3357 862 3439 qnorl
880 3355 941 3442 ipsi
966 3357 1001 3423 in
1017 3356 1140 3444 profixo
1155 3357 1291 3424 termino
1307 3357 1470 3424 vniuersos

346 3463 471 3534 vicinos
489 3471 521 3530 et
536 3469 773 3530 commetaneos
789 3483 829 3531 ao
846 3482 956 3529 omnes
988 3464 1288 3550 comprouiuoiules‚
1321 3485 1379 3532 neo
1408 3484 1470 3528 non

344 3571 483 3658 populos
514 3570 619 3636 Gustri
650 3569 750 3636 Bekis
782 3568 984 3655 supradictos
1016 3570 1050 3635 in
1066 3589 1164 3636 vuum
1197 3569 1411 3658 consonando,
1428 3569 1470 3636 al

343 3675 463 3744 faciem
479 3685 660 3744 memorate
675 3676 894 3762 possessionis
927 3676 1030 3742 llrrul
1061 3677 1288 3762 accessissent,
1305 3685 1338 3744 et
1367 3677 1471 3762 ipsam

344 3802 403 3871 per
434 3787 560 3849 veteres
594 3789 696 3850 metes
727 3789 759 3849 et
790 3783 943 3868 antiques
984 3783 1187 3868 presentibus
1231 3784 1469 3867 commetaneis,

331 3890 494 3959 -onowlrh
513 3889 665 3958 videlicet
681 3897 712 3958 ct
728 3891 873 3956 Emorioo
890 3889 947 3976 lilij
965 3886 1050 3976 (lgy)
1077 3890 1172 3976 Vata,
1207 3909 1247 3957 ac
1278 3889 1378 3960 Pethe
1407 3891 1470 3956 lilio

342 3995 518 4082 Theodori,
550 3994 777 4079 jobagionibus
809 3993 914 4064 (lustri
943 3996 1051 4084 Bekis,
1078 3994 1250 4063 Benedicta
1268 3996 1469 4082 illicimus,

342 4101 711 4190 circumrodentium,
743 4103 909 4190 Stephano
940 4105 1008 4170 lilio
1040 4102 1136 4190 Bech,
1170 4101 1320 4171 Ercnske
1352 4103 1471 4170 Thnmc

344 4208 481 4277 Maioris
514 4209 627 4296 Caneri,
659 4210 807 4278 iohanne
832 4210 981 4277 similiter
996 4209 1117 4278 Maiore
1134 4210 1252 4294 Castri,
1269 4211 1415 4280 Emer-ico
1433 4208 1471 4275 de

344 4317 500 4404 (inathen,
517 4323 550 4384 et
565 4317 730 4386 Mauricio
753 4316 818 4385 lilio
848 4318 938 4384 Mite
969 4315 1048 4385 inibi
1080 4318 1298 4386 existentibus
1326 4318 1472 4386 reambn·

343 4425 479 4492 lassent.
512 4422 610 4492 (iuius
627 4430 784 4493 metarum
801 4446 914 4494 cursus
930 4425 982 4493 hio
998 4425 1113 4514 incipit
1129 4446 1169 4496 ex
1185 4437 1280 4514 purte
1297 4431 1378 4493 terre
1393 4425 1469 4492 carr

332 4537 458 4600 ”uocate
490 4533 593 4616 ipsam
627 4532 858 4619 possessionem
875 4532 982 4602 Murul
998 4541 1131 4620 separat
1146 4532 1310 4617 quoddam
1328 4539 1468 4620 pratum
