3102 5196
912 955 988 1026 815.
1035 951 1037 956 ’

382 1153 447 1220 IV.
463 1153 579 1221 Laterio
594 1155 705 1240 ktroty
721 1179 742 1221 a
759 1155 884 1222 Ratold
899 1158 1066 1246 nenweteep
1083 1159 1187 1242 topjur'
1201 1157 1269 1220 bozo
1300 1159 1409 1223 tertiat
1434 1177 1485 1222 oer-

536 1260 618 1345 cotye
635 1257 666 1326 ea
682 1259 945 1329 birtoirrendezert
960 1264 1087 1348 bcpyjo
1103 1263 1239 1348 beiybcn.
1265 1263 1366 1330 1283.

491 1453 666 1522 Ladiziaus
697 1455 759 1522 Dei
790 1458 904 1541 grauia
933 1457 1112 1543 Humgarie,
1147 1457 1330 1544 Dalmaeie,
1364 1455 1485 1552 broceio,

382 1563 493 1650 Rome,
510 1560 632 1647 Seruio,
665 1559 817 1648 Gallioie,
858 1561 1061 1649 Lodomerie,
1095 1562 1262 1652 Cumanis,
1295 1565 1486 1648 Bulgariequn

384 1670 455 1736 Rex
486 1667 632 1735 omnibus
649 1665 773 1735 Christi
787 1668 937 1736 fidelibus
964 1676 1030 1736 tam
1047 1670 1263 1758 presentibus,
1282 1691 1379 1756 quam
1394 1668 1487 1736 futuris

383 1793 519 1862 presens
535 1774 691 1859 scriptum
707 1777 902 1863 inspecturis
934 1777 1073 1844 salutem
1099 1777 1131 1844 in
1162 1778 1305 1844 ommium
1337 1777 1485 1846 salmtore.

383 1881 437 1948 Ad
461 1883 684 1950 uniuersorum
699 1882 798 1968 igitur
816 1883 967 1951 noticiam
985 1884 1101 1951 harum
1119 1885 1202 1954 serie
1227 1886 1374 1952 volumus
1397 1901 1487 1969 perne

384 1988 466 2075 nire,
496 1991 580 2072 quod
613 2007 685 2057 eum
703 1989 830 2058 nobiles
846 1991 909 2058 viri
925 1991 1072 2077 Magistri
1088 1991 1260 2060 Rorendus
1276 2001 1311 2060 et
1327 1993 1429 2059 Deseu
1440 1987 1487 2054 iiii

383 2095 581 2178 Leustacirii,
596 2095 785 2164 Dominicus
802 2102 835 2163 et
849 2097 1027 2165 Ladiziaus
1043 2097 1102 2166 urii
1133 2097 1339 2188 Stephani),
1370 2097 1487 2182 Reyuoi·

384 2203 447 2270 dus
463 2209 495 2269 et
511 2201 666 2270 Nicoleus
682 2203 741 2271 filii
766 2204 913 2290 Olyuerii
930 2206 970 2271 de
985 2224 1105 2289 genere
1135 2204 1287 2292 Ratoidy,
1321 2205 1488 2290 Magistrum

384 2308 543 2376 Mathiam
559 2309 659 2375 tilium
675 2309 818 2376 Rorancii
833 2311 918 2377 Boni
933 2309 975 2377 dc
1006 2311 1121 2378 eadem
1151 2311 1368 2396 generacione
1391 2306 1488 2378 Ratold

384 2434 482 2501 super
498 2415 585 2483 facto
601 2415 829 2500 dissipaoionie
847 2425 879 2482 et
895 2417 1107 2484 aliemacionis
1126 2417 1490 2505 possessionumsuarum

388 2523 431 2592 ad
448 2531 591 2592 nostram
608 2522 745 2607 Regium
760 2523 935 2608 specialem
952 2525 1154 2610 presenciam
1169 2524 1203 2590 im
1213 2543 1350 2592 cansam
1361 2522 1491 2592 attraxis-

384 2640 466 2716 sent,
482 2633 603 2718 etipsa
619 2651 721 2698 causa
737 2630 864 2700 diucius
880 2651 987 2698 coram
1016 2633 1111 2700 nobis
1135 2631 1298 2699 extitisset
1329 2631 1491 2712 ventilem

387 2738 518 2807 tandem
559 2747 595 2806 rt
632 2737 736 2804 ommis
774 2738 859 2804 liuor
898 2737 1057 2806 discordie
1095 2745 1129 2805 et
1166 2758 1283 2806 rancor
1315 2739 1431 2808 inuidis
1456 2736 1490 2802 ie

383 2847 489 2915 medio
504 2847 645 2932 ipsorum
663 2847 853 2934 extirpetur,
870 2853 902 2912 et
916 2844 1100 2931 pulcritudo
1116 2847 1208 2932 pacis
1233 2848 1390 2930 glorietur
1410 2853 1438 2913 et
1460 2863 1490 2912 se

382 2955 527 3022 fraterne
542 2951 728 3022 dileccionis
743 2955 861 3020 affectu
876 2951 1029 3039 ampiecti
1039 2953 1166 3038 possint
1175 2959 1209 3020 et
1218 2954 1363 3042 valeant,
1378 2959 1490 3039 optorto

383 3070 532 3129 anostra
544 3063 647 3146 Regia
661 3061 832 3129 Maiestate
848 3061 988 3130 licencia
1003 3069 1112 3147 partes
1137 3061 1172 3127 iu
1203 3063 1308 3130 nostri
1341 3061 1491 3150 presencia

383 3167 596 3256 personaliter
621 3177 845 3254 comparentes
876 3167 986 3237 taliter
1017 3187 1053 3236 se
1083 3167 1236 3235 dixerunt
1266 3169 1489 3237 concordasse:

381 3276 467 3362 quod
482 3277 652 3343 uniuersas
668 3276 891 3360 possessiomes
907 3277 1050 3362 ipsorum
1076 3275 1301 3362 hereditarias,
1328 3277 1490 3362 emptitias,

381 3383 559 3469 acquisitas
577 3388 608 3452 et
623 3382 736 3467 quouis
753 3382 847 3450 titulo
862 3383 908 3451 ad
924 3385 1013 3469 ipsos
1039 3383 1208 3450 deuolutus
1235 3389 1394 3470 perpetuo
1422 3383 1494 3450 inter

380 3493 470 3578 ipsos
486 3491 674 3558 diuisissent
689 3510 727 3557 eo
744 3490 839 3557 modo
856 3515 864 3556 z
881 3489 976 3567 Quod
1008 3490 1171 3577 possessio
1202 3491 1295 3559 Kana
1327 3495 1439 3558 vocata
1464 3491 1492 3554 iu

382 3601 545 3668 Comitatu
561 3597 603 3664 de
618 3595 742 3665 Borsod
757 3618 830 3667 curn
846 3599 996 3666 omnibus
1011 3597 1272 3683 possessionibus
1289 3596 1334 3664 ed
1350 3619 1419 3666 earn
1432 3615 1493 3684 per·

380 3706 581 3789 timentibus;
603 3704 681 3772 item
697 3704 922 3790 possessiones
946 3705 1101 3774 Puthnuir
1130 3710 1163 3772 et
1193 3704 1296 3774 Felcd
1327 3713 1438 3773 vocate
1464 3702 1491 3770 in

380 3813 542 3880 Comitatu
560 3811 768 3878 Gumurieusi
783 3811 960 3879 existentes
976 3810 1124 3878 similiter
1149 3831 1222 3878 curn
1253 3811 1404 3879 ommibus
1432 3829 1495 3895 pos·

379 3919 579 3988 sessionibus
596 3917 640 3985 ad
665 3918 796 3986 easdem
828 3917 1083 4005 pertinentibus3
1108 3927 1252 3986 ceterum
1283 3919 1495 4004 possessiones

378 4027 517 4113 Pathaa,
534 4027 702 4111 Seengurg
726 4031 841 4094 vocate
866 4028 900 4092 in
932 4027 1095 4096 Comitatu
1125 4025 1326 4113 symigiensi
1352 4027 1493 4108 iacentes,

378 4134 523 4206 similiter
541 4153 613 4201 cum
630 4133 779 4201 ommibus
794 4133 1056 4218 possessionibus
1081 4132 1125 4200 ari
1156 4133 1289 4203 easdem
1320 4129 1495 4220 pertineni-

380 4246 451 4332 bus,
467 4251 625 4312 eteorum
643 4241 855 4324 utilitatibus3
878 4243 955 4310 item
986 4243 1209 4328 possessiones
1233 4239 1369 4328 Wylak,
1396 4235 1493 4308 Kuesd

380 4358 413 4418 et
427 4349 605 4419 Olabtelnk
622 4355 738 4416 vocate
754 4348 788 4414 in
805 4348 969 4417 comitam
994 4347 1197 4434 Byhoriense
1222 4346 1401 4418 existentes
1429 4364 1491 4413 cum

378 4457 527 4526 omnibus
542 4453 586 4524 ad
602 4455 736 4525 easdem
751 4456 987 4542 pertinentibus
1018 4455 1300 4542 possessionibus;
1323 4454 1402 4523 item
1429 4468 1492 4539 pos·

377 4566 540 4634 sessiones
556 4565 689 4652 Ohycbo
705 4571 738 4634 et
754 4565 1030 4652 Retheegrocate
1046 4563 1080 4631 in
1096 4563 1245 4652 partibus
1256 4556 1492 4633 Transsiluauic
1529 4633 1530 4636 Ἴ
