3142 5198
810 311 971 412 Q

329 509 368 576 tis
386 509 558 577 eorundem
583 508 733 576 intuitum
766 506 940 593 dedissent,
956 507 1146 594 donassent,
1164 527 1222 574 seu
1239 508 1452 575 eontulissent

214 645 219 653 ·
329 615 398 682 iure
414 621 568 702 perpetuo
584 621 617 682 st
632 613 886 684 irrouooabiliter
902 613 1035 697 panitiae
1055 614 1286 700 possidendam
1304 614 1338 679 in
1370 614 1453 682 filios
1479 667 1487 684 ι

328 723 484 806 tiliorum3
507 725 690 808 obligantes
713 725 798 791 sein
815 722 981 808 premissis
997 729 1029 789 et
1054 725 1192 808 singulis
1206 726 1451 811 premissorum,

327 831 427 900 nichil
451 836 485 899 in
515 843 707 920 perpetuum
740 838 853 900 eontra
882 832 969 899 Dees
1002 838 1035 900 et
1065 833 1259 918 Dyooisinm
1290 833 1454 919 predictos

326 947 526 1026 attemptare.
566 941 833 1028 Assumpmeudo,
864 949 897 1006 rt
929 941 1112 1025 quicunque
1147 940 1326 1024 longinquo
1359 941 1451 1024 lapsu

327 1048 482 1134 temporis
507 1047 678 1116 oooesione
694 1048 782 1116 dioto
811 1048 889 1116 viiie
920 1048 1050 1115 eosdem
1080 1048 1167 1114 Dees
1198 1055 1231 1114 et
1261 1047 1454 1134 Dyonisinm

327 1156 497 1223 molestare
513 1176 571 1224 seu
587 1175 772 1242 aggrauare
787 1156 954 1245 niteretur,
971 1156 1070 1241 ijdem
1087 1156 1256 1223 Roraudm
1271 1155 1454 1242 Woyuods,

329 1264 482 1347 Magister
498 1263 546 1330 St.
562 1271 593 1330 et
607 1264 761 1352 Joeobus,
777 1283 817 1331 ao
834 1263 951 1330 fratres
967 1262 1110 1348 ipsorum
1132 1262 1296 1346 prenotati
1312 1265 1455 1349 proprijs

329 1371 494 1438 laboribus
527 1379 560 1438 et
575 1371 727 1458 expensis
745 1376 893 1438 tenentur
909 1369 1073 1455 expedire.
1090 1368 1138 1438 Ob
1156 1369 1248 1436 ouius
1263 1390 1322 1457 rey
1339 1390 1456 1436 memo

328 1479 409 1544 riam
440 1486 472 1546 et
502 1486 693 1564 perpetuam
724 1479 909 1544 firmitatem
941 1493 1107 1559 presentes
1144 1477 1324 1545 munimine
1356 1477 1455 1561 sigilii
1533 1527 1539 1540 .

327 1584 428 1652 nostri
459 1584 646 1654 conuentus
676 1585 825 1652 duximus
857 1575 1069 1653 roborandas.
1111 1587 1232 1652 Datum
1265 1584 1299 1652 in
1333 1585 1456 1652 ootauis

328 1693 571 1779 Assumpoionis
587 1697 687 1763 Beate
703 1694 804 1761 Mario
820 1693 964 1780 Virginis
981 1714 1066 1762 anuo
1077 1693 1207 1762 Domini
1217 1692 1340 1761 Μ’(ῙΟ0
1351 1699 1455 1760 oetan·

330 1804 452 1887 gesimo
468 1810 595 1889 quarto.

330 2002 471 2060 (Eredetie
488 2000 670 2066 burhrirtyrin,
701 2003 831 2066 melyuek
862 2002 984 2066 pressetje
1012 2003 1190 2068 seir-ga-viiriis
1220 2000 1457 2066 seiyemzsinr'rron

431 2091 519 2158 iiiggj
538 2105 555 2142 a
574 2091 681 2141 iomelt.
701 2093 820 2157 herezeg
837 2092 1010 2156 Eszterhrizy
1029 2091 1124 2141 esalrid
1142 2090 1359 2153 ieveltrirs'rban.)

864 3027 941 3098 tel.

338 3243 584 3331 Tiiruertykezesi
600 3246 722 3331 eijcis-ris
743 3245 851 3328 frater
876 3247 1104 3310 Borraueuturrr
1139 3247 1281 3332 ropuzar'
1311 3245 1400 3311 erselr
1428 3247 1457 3309 e's

547 3353 649 3420 Jriroa
660 3353 871 3437 prodnrreltor'
886 3354 1044 3420 oldiokorr
1059 3355 1138 3420 leiim.
1155 3354 1252 3420 1284.

440 3549 534 3616 Anno
551 3549 682 3616 Domini
697 3550 870 3616 millesimo
886 3549 1106 3618 ducentesimo
1123 3551 1345 3634 ootuagesimo
1364 3569 1459 3634 quar-

334 3657 459 3723 toxli.
490 3656 672 3726 indiccione
703 3658 756 3724 ure
786 3657 905 3722 xvur.
940 3658 1081 3725 intrante
1111 3658 1238 3744 Aprum
1264 3639 1457 3724 venerimus

334 3772 428 3850 pater
458 3765 606 3832 dominns
636 3765 736 3833 frater
767 3767 995 3833 Bonaventura
1021 3765 1151 3833 Ordinis
1168 3766 1337 3850 Minorem,
1369 3763 1458 3830 mise·

334 3873 463 3941 racione
479 3871 599 3942 Diuiua
615 3874 885 3961 Arohiepisoopus
901 3874 1097 3960 Rugusinus,
1113 3876 1146 3940 in
1162 3874 1334 3960 presencia
1366 3871 1455 3957 Capi·

334 3983 394 4049 tuli
425 3983 585 4066 Ragusini
617 3983 804 4067 congregati
830 3984 873 4048 ad
889 3983 1028 4050 sonitum
1046 4001 1216 4069 pampano,
1233 3987 1268 4048 ut
1283 3980 1384 4047 moris
1401 3985 1455 4062 est,

333 4093 367 4159 in
401 4091 475 4159 sala
504 4091 781 4179 Arohiepisoopuli
811 4093 957 4180 precepit
988 4091 1194 4159 Subdiaoono
1234 4089 1379 4157 Johanni
1418 4086 1456 4151 do

335 4199 528 4267 ProdaneIIo
559 4221 619 4286 pro
650 4199 765 4287 primo,
797 4200 950 4286 seeundo,
984 4207 1015 4266 et
1045 4201 1146 4269 tersio
1177 4196 1393 4285 peremptorio
1423 4201 1453 4261 st

334 4308 745 4376 subexeommuuioationis
763 4328 856 4396 pena,
873 4329 968 4393 quam
987 4311 1130 4376 incurrat
1147 4309 1216 4391 ipso
1232 4305 1320 4374 iaoto
1336 4311 1456 4372 contro-

334 4417 415 4483 rium
446 4415 594 4483 faciendo
612 4443 619 4484 :
636 4423 672 4481 ut
703 4436 804 4501 usque
836 4415 879 4482 ad
906 4417 990 4482 diem
1010 4417 1101 4484 Jovis
1125 4416 1270 4500 proxime
1292 4421 1453 4481 uentorum

335 4523 518 4592 satisfaciat
534 4525 638 4592 eidem
655 4525 783 4590 domino
801 4522 1052 4610 Arehiepisoopo
1074 4523 1220 4608 plenarie
1250 4523 1321 4590 sine
1351 4518 1455 4601 oiiqua

335 4634 546 4701 excusatione
579 4631 618 4698 tie
649 4639 775 4700 eentum
799 4632 969 4719 iperperis,
988 4632 1074 4700 siout
1089 4632 1121 4698 io
1138 4631 1304 4698 sentencia
1320 4630 1388 4698 lata
1403 4645 1455 4714 per
