3102 5196
907 945 983 1015 335.
1041 1001 1044 1008 .

380 1139 410 1204 Α
423 1145 576 1227 pozadpui
590 1144 818 1231 kriptclcauuto
833 1147 1106 1232 dizouyaripleoelc,
1122 1149 1208 1233 tropy
1223 1145 1365 1233 Gerpety
1381 1145 1497 1231 Zopdci·

381 1251 515 1334 rrckfic,
547 1255 578 1317 eu
605 1253 780 1320 Odoluinutt
799 1256 868 1336 fiai
895 1255 1041 1341 biscopus
1053 1256 1273 1344 poreaf'o'ldre
1293 1259 1384 1322 necne
1398 1256 1498 1320 burcit-

703 1366 841 1447 cc‘poaua
857 1363 1066 1450 apyoztcedtelr.
1084 1365 1183 1428 1283.
1537 1379 1542 1386 '

488 1662 670 1749 Capitulum
689 1559 858 1733 AEcclesia
888 1557 982 1734 nezi
1013 1665 1100 1733 Petri
1132 1559 1328 1751 deGPosoga
1357 1665 1497 1731 omnibus

381 1766 501 1836 Christi
517 1769 665 1838 fidelibus
683 1779 750 1838 tam
766 1773 968 1860 presentibus
984 1792 1081 1857 qnam
1099 1773 1213 1840 tuturis
1233 1775 1366 1842 satutem
1386 1773 1419 1838 in
1442 1770 1496 1836 Do-

382 1876 468 1943 mino
487 1882 725 1964 sempiternam.
758 1882 809 1949 Ad
842 1881 1066 1950 uniuersorum
1092 1885 1248 1950 noticiam
1280 1882 1393 1948 harum
1423 1879 1497 1947 serie

381 1985 528 2053 volumus
546 1989 725 2072 peruenire,
743 1990 829 2073 quod
845 1991 1003 2074 Gregorio
1019 1989 1088 2056 tilio
1106 1989 1220 2076 Zoyda
1237 2011 1296 2077 pro
1321 2009 1357 2056 se
1385 1998 1418 2056 ct
1448 2007 1497 2072 pro

383 2089 486 2158 Zcida
517 2114 554 2161 ac
571 2093 694 2160 Mathia
718 2096 795 2180 filijs
813 2097 996 2165 Mathie'ab
1014 2119 1079 2164 una
1094 2104 1198 2184 piarte,
1214 2099 1386 2164 Benedicta
1403 2105 1433 2164 et
1448 2097 1497 2164 Ja-

382 2199 675 2288 cotottijsodola
692 2224 748 2288 pro
765 2225 799 2270 se
828 2213 861 2270 et
892 2225 949 2289 pro
981 2205 1136 2272 Michaele
1166 2206 1265 2272 tratre
1294 2209 1433 2292 ipsorum
1461 2201 1498 2268 ab

383 2307 488 2374 altera
518 2328 625 2374 eoram
657 2310 750 2376 nobis
781 2312 997 2397 personaliter
1028 2315 1212 2397 contitutis;
1237 2313 1395 2396 dixerunt,
1421 2309 1498 2395 quod
1541 2299 1546 2340 ⁴

382 2433 481 2498 super
496 2421 582 2482 terra
613 2417 781 2486 Baniohev
813 2425 939 2503 uocata,
972 2419 1064 2485 cuius
1096 2419 1304 2488 medietatem
1337 2419 1497 2506 Gregorius

383 2541 455 2586 cum
484 2521 561 2606 filijs
577 2525 697 2593 Mathia
713 2525 906 2614 requirebat,
922 2527 964 2593 ad
981 2526 1078 2592 talem
1100 2527 1191 2613 paois
1208 2527 1343 2594 formam
1361 2525 1497 2594 decenis·

384 2636 457 2695 sent
472 2655 480 2695 :
498 2631 583 2716 quucd
598 2631 684 2698 idem
704 2630 883 2717 Gregorius
901 2655 964 2702 una
981 2653 1051 2700 cum
1069 2634 1145 2720 filijs
1178 2635 1300 2702 tiathie
1331 2634 1497 2702 dimidiata·

385 2745 449 2803 tom
479 2745 565 2805 terre
596 2738 782 2825 supradicte
812 2740 1000 2826 reliquisset
1031 2742 1108 2826 filijs
1141 2742 1246 2811 Odola
1277 2762 1349 2809 cum
1367 2742 1499 2810 omnibus
1543 2767 1545 2816 t

388 2846 579 2913 utilitatibus
596 2849 664 2915 suis
681 2855 838 2936 perpetuo
865 2849 1112 2935 possidendam
1136 2859 1167 2915 et
1198 2850 1296 2934 ijdem
1315 2850 1373 2936 filij
1406 2848 1497 2918 Odola
1543 2833 1545 2930 Ι

385 2956 419 3020 in
436 2954 658 3022 concambium
675 2954 820 3024 eiusdem
838 2965 923 3025 terre
940 2957 1104 3041 quandum
1122 2965 1239 3024 terram
1258 2957 1399 3044 ipsorum
1414 2959 1495 3023 sitam

386 3062 418 3126 iu
436 3059 588 3128 Orioieha
603 3083 623 3127 a
639 3062 775 3129 Nicolao
790 3063 856 3128 tilio
873 3063 1024 3130 Haranoh
1041 3071 1270 3148 comparatam,
1295 3073 1456 3150 exceptam
1470 3069 1495 3128 et

387 3167 572 3236 distinctam
604 3169 638 3233 in
671 3171 766 3236 metis
796 3171 1021 3255 infrascriptis,
1054 3171 1170 3254 quibus
1203 3170 1318 3237 Comes
1358 3172 1494 3238 Nicotaus
1543 3163 1545 3218 ἶ

387 3277 470 3344 tilius
487 3276 617 3343 ladislai
635 3277 827 3363 particulam
846 3277 991 3345 eiusdem
1007 3286 1090 3346 terre
1106 3279 1307 3365 comparauit
1339 3279 1493 3347 secuudum
1540 3219 1545 3320 1

386 3383 620 3450 continenciam
653 3385 834 3452 litterarum
876 3393 1070 3474 nostrarum,
1101 3386 1249 3454 similiter
1284 3386 1447 3454 dedissent
1471 3391 1497 3450 ut
1543 3421 1545 3474 i

387 3493 612 3578 assignassent
628 3513 700 3560 cum
717 3495 866 3560 omuibus
884 3495 1079 3563 utilitatibus
1093 3508 1248 3581 perpetuo
1259 3493 1495 3580 possidendum
1542 3495 1544 3544 t

387 3601 433 3668 ita
448 3600 533 3686 quod
565 3601 746 3688 quicunque
761 3604 867 3688 ipsum
885 3601 1075 3688 (tragurium
1092 3613 1124 3670 ct
1141 3605 1225 3672 lilios
1243 3607 1364 3674 Mathis
1381 3604 1493 3670 racione
1542 3645 1544 3700 3

386 3708 527 3777 ciusdem
544 3717 629 3777 torre
645 3711 798 3778 infestare
814 3714 1068 3796 attemptauerit,
1085 3712 1185 3796 ijdem
1203 3712 1258 3794 tilij
1294 3713 1397 3780 Odola
1426 3719 1497 3777 tone·
1542 3701 1544 3784 Ϊ

386 3819 506 3885 buntur
537 3820 691 3906 expedire
722 3822 859 3906 proprijs
886 3823 1054 3889 laboribus
1069 3829 1101 3889 et
1117 3823 1288 3908 expensis;
1315 3829 1348 3888 et
1366 3819 1497 3888 similiter
1542 3851 1544 3868 ‹

388 3927 792 4013 quuicunquetitiosOdola
818 3931 949 3997 racione
981 3931 1196 3997 dimidietatis
1232 3937 1318 3997 terre
1349 3935 1496 4014 prenotato
1542 3979 1544 3986 ,

387 4039 598 4123 intestauerit,
633 4039 807 4123 Gregorius
825 4047 856 4104 et
872 4039 929 4122 tilij
953 4039 1077 4106 tlutttic
1093 4039 1182 4126 ipsos
1199 4039 1230 4104 in
1247 4039 1316 4106 suis
1331 4019 1495 4106 accionibus

388 4155 420 4212 et
437 4147 545 4214 causis
562 4146 756 4213 tenebuntur·
772 4147 954 4214 admittere.
995 4145 1121 4230 Siquis
1153 4154 1260 4214 autem
1294 4169 1334 4212 ex
1366 4143 1438 4231 ipsis
1463 4142 1494 4207 de

390 4255 529 4338 presenti
560 4257 665 4322 torma
680 4255 772 4342 pacis
788 4255 970 4342 resilluurit,
998 4261 1029 4322 ct
1046 4256 1106 4322 troc
1123 4275 1199 4339 pars
1215 4275 1251 4322 se
1267 4251 1436 4323 defendens
1448 4269 1493 4336 per
1542 4251 1544 4302 j

389 4363 505 4429 scitum
538 4363 671 4429 Comitis
704 4363 885 4451 Benedicti,
917 4372 948 4430 ct
980 4360 1117 4429 Comitis
1150 4360 1309 4446 Stephani
1340 4362 1395 4445 titij
1423 4359 1492 4435 laco,
1541 4405 1543 4430 ³

389 4471 547 4538 Jolrannis
579 4469 637 4554 filij
672 4471 827 4558 Otholini,
860 4481 893 4539 ot
924 4473 1048 4540 Nicolai
1080 4471 1136 4556 filij
1169 4469 1312 4555 luitinlui,
1331 4477 1362 4535 et
1377 4460 1490 4551 Capituli
1541 4479 1543 4554 g

391 4588 602 4669 proculusque
622 4587 716 4666 purte
747 4581 930 4666 approbare
964 4580 1088 4668 poterit,
1124 4579 1360 4665 quinquaginta
1391 4589 1490 4640 murras

1540 4695 1543 4736 t
