3160 5200
884 349 948 414 572

330 559 412 626 ··que
428 540 498 608 sine
515 541 634 608 herede
651 541 767 609 obierit
783 541 854 609 siue
871 539 1053 629 deoessorit,
1080 543 1201 630 donet·
1223 543 1425 626 relinquendi
1438 551 1468 609 et

345 643 548 730 assignandi,
580 647 758 732 ouieunque
776 647 942 732 voluerint,
972 647 1108 714 liberam
1125 647 1269 716 habeant
1284 647 1466 715 insultatum

346 751 566 837 quadraginta
582 752 725 836 denariJs
743 753 925 838 persolutis,
943 754 1117 820 seeundum
1143 752 1328 821 libertatem
1359 763 1463 822 nostre

345 861 569 950 possessionis.
600 860 669 946 Hye
702 860 849 927 omnibus
882 859 968 928 datis
999 869 1032 928 et
1056 861 1230 946 persolutis
1246 862 1462 947 vnusqnisque

346 967 473 1038 vineam
505 987 598 1038 sunm
628 965 712 1034 uolet
742 975 774 1035 et
805 967 945 1048 latomo
970 975 1002 1034 et
1027 967 1136 1036 vinum
1169 987 1262 1036 suurn
1294 967 1466 1038 deducatur

346 1079 470 1160 absque
501 1075 612 1158 aliquo
644 1075 835 1160 grauemine
866 1075 936 1142 siue
953 1075 1057 1140 eniam
1073 1073 1315 1159 impedimento.
1335 1077 1467 1162 Insuper

347 1181 485 1250 liberum
502 1182 644 1248 habeant
659 1182 837 1266 arbitrium,
870 1181 1009 1249 tunellos
1042 1184 1185 1266 ipsorum
1215 1183 1291 1248 vino
1323 1184 1465 1280 repletus,

346 1290 389 1357 ud
405 1309 515 1356 currus
531 1307 610 1356 suos
627 1289 845 1373 unusquisque
862 1287 1028 1374 trahendo,
1055 1291 1120 1356 nisi
1135 1291 1316 1357 uoluntario
1333 1290 1466 1355 voluerit

345 1399 485 1480 aliquem
504 1417 561 1481 pro
578 1396 687 1481 praelo
703 1397 885 1463 conuenire.
901 1396 983 1462 Item
1000 1397 1154 1464 custodes
1170 1416 1245 1463 suos
1278 1397 1420 1463 habeant
1435 1397 1466 1460 in

346 1504 450 1570 vineis
481 1504 525 1570 ad
541 1503 691 1588 placitum
723 1523 842 1588 eorum,
860 1511 1103 1587 nostrorumque
1122 1503 1286 1570 hominum
1303 1524 1374 1570 oum
1389 1501 1460 1572 oon·

344 1611 415 1677 silio
432 1610 664 1680 oonuoniendo.
682 1611 722 1676 lut
737 1617 771 1676 ut
786 1611 850 1676 ista
866 1610 1060 1696 composiuio
1093 1629 1150 1676 seu
1181 1609 1347 1677 ordinacio
1379 1611 1458 1677 inter

343 1735 403 1782 nos
434 1722 466 1781 et
480 1723 607 1784 nostros
623 1735 822 1786 suecessoros
839 1735 877 1782 ao
893 1717 1056 1803 prediolos
1072 1715 1158 1783 oiues
1174 1717 1208 1782 in
1224 1725 1411 1802 perpetuum
1428 1725 1457 1781 et

345 1821 577 1890 inuiolabiliter
608 1824 712 1912 possit
745 1843 943 1908 permanere,
984 1829 1153 1908 presentes
1185 1825 1310 1890 littores
1341 1829 1461 1889 nostrus

344 1929 416 2013 pari
449 1930 618 1998 uoluntate
634 1938 667 1998 ot
682 1928 870 2016 eonsen(su)
901 1949 972 1996 oum
988 1929 1141 2015 pendenti
1167 1929 1269 2014 sigilli
1286 1932 1387 1996 nostri
1402 1951 1463 1996 mu-

343 2037 466 2104 nimine
482 2037 615 2104 leoimus
631 2038 784 2106 roborari.
801 2040 919 2105 Datum
935 2039 968 2104 in
985 2034 1146 2127 dominius
1174 2037 1347 2104 luvooauit
1377 2056 1456 2102 anno

333 2141 473 2208 Domini
490 2143 608 2209 Μῦῦθο
625 2146 836 2230 nonagesimo
853 2144 973 2228 quinto.

342 2339 483 2399 (mennatis
510 2341 691 2404 borhtrtyrlm
722 2343 840 2405 melyrol
858 2357 875 2391 a
894 2341 1054 2405 rtrga-zold
1073 2342 1102 2391 ris
1122 2340 1289 2390 barus-zoin
1307 2339 1457 2403 selyemnsi-

341 2429 433 2481 noron
451 2429 564 2494 ltlgglitt
596 2429 644 2478 ket
673 2429 768 2494 peostt
799 2431 950 2494 elverzstt3
988 2445 1005 2480 a
1032 2429 1118 2482 budai
1144 2429 1196 2480 kir.
1228 2429 1357 2480 lranrarni
1383 2426 1458 2480 lertl·

842 2517 964 2580 terban.)

771 2817 1039 2829 -n-—u——na

865 3348 941 3416 462.

338 3547 389 3608 Aa
414 3547 597 3630 eszterpumi
620 3545 780 3630 kuiptolon
802 3499 951 3631 dtr'rjo'a
975 3548 1099 3631 nyr'truu'
1122 3546 1349 3631 luptatannat·
1378 3543 1454 3607 bino·

328 3673 417 3735 arpos
443 3651 532 3716 *tiore
552 3653 679 3737 kirur'lyt‘
692 3651 948 3738 fllovoszmeoru·
973 3655 1003 3718 6³
1025 3653 1120 3718 Peter
1150 3651 1214 3718 tou
1245 3653 1316 3716 krist
1347 3650 1454 3717 tltrtent

492 3757 693 3825 baiolorum
716 3763 873 3846 tdrqyoeo'
897 3759 1183 3846 tlzonysopleuolet.
1210 3760 1311 3824 1295.

446 3949 611 4020 Universis
641 3959 808 4038 presentes
839 3954 967 4019 litterar
992 3953 1184 4039 inspecturis
1200 3951 1384 4038 Capitulum
1400 3950 1452 4013 lle

334 4058 436 4124 olesie
452 4057 681 4144 Strigoniensis
697 4061 833 4126 salntem
849 4061 881 4125 in
894 4059 1031 4128 Domino
1048 4059 1285 4144 sempiternum
1302 4057 1451 4125 Nouarint

336 4162 480 4231 uniuersi
513 4173 678 4251 presentes
710 4167 830 4252 pariter
861 4175 892 4234 et
908 4167 1016 4252 loturi,
1038 4167 1124 4251 qnod
1141 4165 1261 4232 nobilis
1278 4167 1330 4232 vir
1346 4165 1448 4230 Comes

335 4269 450 4338 Petrus
467 4270 552 4338 filius
568 4273 732 4359 Zobonlay
747 4273 788 4341 de
803 4293 921 4360 genere
937 4271 1051 4341 Ludan
1071 4271 1200 4340 nomine
1217 4277 1250 4338 et
1264 4272 1335 4338 vine
1366 4271 1446 4351 trag·

335 4375 422 4445 niliui
456 4375 514 4445 viri
547 4379 677 4466 Mathey
707 4381 854 4467 Magistri
886 4381 1074 4466 Agasonum
1106 4415 1150 4427 -
1175 4408 1449 4427 -----

330 4481 471 4552 Oomitis
489 4485 696 4556 Posoniensis
733 4488 854 4556 rlomini
883 4489 943 4576 sui,
976 4489 1017 4556 ab
1051 4507 1115 4553 una
1147 4492 1257 4572 pante;
1282 4492 1314 4552 et
1344 4484 1449 4571 Pelrps

336 4585 419 4656 tilius
453 4589 597 4676 Magistri
629 4595 712 4662 Bous
738 4599 778 4663 ab
795 4597 908 4684 altera,
924 4594 965 4661 ad
982 4601 1124 4664 nostram
1150 4591 1350 4678 presenoiam
1366 4605 1449 4656 acoe-
