3096 5202
11 537 14 606 ?
62 566 107 612 sne
121 544 205 611 libito
219 543 402 630 voluntatis,
419 542 555 610 eundem
571 543 733 610 Abbatem
749 541 794 609 ad
809 541 889 610 illud
914 543 1019 612 redire
1043 542 1145 614 libere

52 653 163 719 minime
176 652 403 738 permiserunt;
421 650 529 734 sieque
545 649 671 718 Oomite
686 658 719 718 et
733 651 902 720 Judiutus
918 653 997 741 ipsis
1013 655 1143 739 prefato

47 759 161 844 lbbete,
176 758 287 826 eodem
305 759 501 827 blonasterio
516 757 794 830 iurisdictionibus
811 766 843 826 et
857 759 950 827 bonis
965 761 1043 829 aliis
1067 781 1142 850 spo·

47 870 121 956 licto,
136 868 351 936 asserentibus
366 888 403 936 se
418 868 505 935 velle
520 861 683 934 Abbatem
697 867 803 953 ipsum
820 871 1016 958 comburere,
1030 873 1144 941 Abbas

11 1001 13 1048 ῐ
47 975 104 1060 ipse
118 975 223 1045 timens
238 975 302 1044 sibi
320 975 432 1044 monis
447 974 625 1063 perieulum
641 976 789 1065 iminere,
804 996 844 1045 ac
861 979 1004 1066 credens,
1027 1000 1063 1048 se
1078 1002 1143 1049 non

11 1085 13 1152 ζ
48 1106 126 1170 posse
139 1085 233 1153 aliter
246 1085 430 1155 huiusmodi
450 1085 629 1173 perieulum
643 1085 775 1171 evitare,
800 1087 938 1172 pervim
955 1094 988 1157 et
1013 1097 1144 1175 metum,
1280 1099 1286 1106 “

11 1197 13 1276 ζ
49 1193 91 1276 qni
104 1193 211 1262 eadere
226 1199 358 1281 poterat
372 1195 408 1261 in
422 1200 637 1276 constantem,
652 1194 802 1279 regimini
823 1193 927 1279 ipsius
958 1196 1146 1266 Monasterii

49 1310 89 1371 cst
101 1300 273 1370 renuntiare
289 1307 434 1391 coaetus,
450 1307 483 1368 et
499 1300 540 1368 de
556 1322 621 1368 non
636 1300 798 1369 veniendo
815 1310 928 1370 contra
936 1305 1146 1373 renuntiatio·

11 1405 17 1476 l
48 1429 106 1476 nem
119 1407 303 1492 huiusmodi,
318 1430 359 1478 ae
373 1412 444 1477 inre
459 1409 569 1493 aliquo
584 1408 619 1476 in
636 1409 708 1496 ipso
722 1409 919 1478 Menanterio
935 1412 1071 1480 ulterius
1081 1433 1146 1479 non

49 1516 177 1604 putenm,
192 1519 353 1602 corporali
364 1517 501 1601 prestito
510 1517 699 1584 iuramento.
715 1519 785 1585 Nes
801 1519 914 1601 itaque
929 1519 1147 1606 attendentes,
1236 1551 1241 1560 ’

11 1651 13 1734 ἶ
49 1624 117 1705 quel
132 1645 176 1711 eu,
191 1646 253 1712 qne
268 1625 301 1692 vi
321 1633 467 1693 metusve
484 1624 686 1710 censebunt,
705 1645 815 1692 carere
831 1625 950 1693 debent
965 1626 1081 1694 robore
1096 1628 1147 1693 lir-

11 1737 13 1814 ;
49 1733 159 1818 nitatis,
188 1753 227 1800 ao
250 1734 396 1800 volentes
412 1731 591 1819 superbiis
607 1739 786 1800 memorato
802 1732 923 1801 Abbati
938 1734 1031 1801 iuxta
1046 1733 1143 1800 oflicii

11 1819 14 1926 ᾖ
50 1839 132 1905 nosbi
146 1841 287 1908 debitum
305 1839 349 1907 de
364 1847 523 1924 oportuno
538 1838 682 1906 remedio
693 1839 872 1925 subvenire,
890 1839 1084 1915 fraternitati
1094 1847 1149 1908 tue
1191 1875 1220 1898 .-

11 1927 14 2010 ἰ
48 1965 95 2030 per
106 1945 285 2032 Apostolica
300 1946 426 2033 seriptu
441 1947 641 2034 mandamus,
658 1950 821 2030 quatinus,
838 1949 866 2014 si
881 1949 1049 2035 premissis
1067 1951 1149 2016 veri·
1166 2035 1167 2040 ἵ

11 2019 14 2130 ἶ
49 2059 89 2120 tas
102 2056 301 2143 suffragatur,
327 2054 464 2124 eundem
480 2057 640 2123 Abbatem
658 2058 699 2123 ab
715 2056 950 2124 observacione
967 2054 1149 2124 huiusmodi

11 2137 14 2256 Ῑ
49 2157 196 2229 iuramenti
211 2162 409 2231 anctoritate
427 2168 540 2228 nostra
556 2163 738 2250 absolvens,
754 2162 922 2230 denunties
938 2182 1010 2231 eum
1026 2164 1069 2230 ad
1095 2168 1151 2232 ob·

11 2263 15 2330 l
50 2269 241 2336 servationem
257 2268 364 2355 ipsius
389 2271 596 2352 aliquatenus
625 2289 690 2336 non
722 2271 834 2356 teneri,
866 2271 1058 2356 nullumque
1088 2273 1151 2344 sibi

11 2353 14 2414 Ε
51 2371 148 2442 debere
163 2396 218 2463 per
242 2376 424 2463 predictam
440 2377 709 2446 renuntiationem
725 2378 774 2445 sic
804 2378 962 2446 violenter
992 2387 1150 2450 extortam

11 2415 14 2572 ι
51 2482 238 2563 preiudicium
254 2487 429 2571 generari;
445 2483 563 2554 deinde
577 2487 735 2554 Oomitem
751 2491 784 2553 et
798 2485 931 2554 ludices
948 2485 1151 2573 supradictos

11 2583 14 2636 l
50 2589 145 2658 tandin
158 2593 382 2680 appellatione
395 2599 520 2662 remota
535 2594 829 2662 excommunicatos
853 2596 982 2682 publice
1011 2595 1151 2683 nunties,

51 2703 76 2760 et
88 2700 124 2764 ab
137 2700 208 2768 aliis
225 2701 371 2769 nuntiari
388 2699 503 2786 inuias,
520 2721 559 2767 ac
577 2701 619 2767 ab
634 2702 783 2769 omnibus
797 2704 902 2769 artius
912 2702 1035 2787 evitari,
1050 2702 1153 2772 donec

50 2823 129 2890 snper
143 2805 213 2896 biis,
227 2829 290 2897 pro
307 2809 425 2894 quibus
441 2808 782 2878 excommunicationis
797 2810 990 2878 sententiam
1014 2812 1115 2878 latam
1133 2832 1154 2878 a

51 2928 154 2982 unone
169 2913 385 3004 incurrerunt,
401 2916 622 2988 satisfecerint
637 2923 866 3003 competenter,
891 2926 1011 2985 etcum
1027 2925 1153 2987 tuarum

51 3023 212 3093 testimonio
229 3025 410 3092 litterarum
427 3024 471 3090 ad
495 3023 611 3092 Sedens
636 3025 783 3093 venerint
797 3025 1019 3110 Apostolicam
1051 3027 1156 3094 abscl-

11 3181 14 3206 ,
52 3129 150 3217 rendi3
171 3133 358 3216 dictumque
373 3132 531 3200 Abbatem
548 3133 582 3200 in
599 3132 799 3219 corporalem
816 3135 1055 3224 possessionem
1087 3153 1157 3220 pre-

11 3211 18 3288 ἶ
52 3231 268 3330 fossatensis,
286 3241 405 3309 iurium
420 3247 454 3310 et
470 3241 735 3329 pertinentiarum
750 3241 820 3310 eius
836 3241 975 3310 reducas
991 3248 1023 3309 et
1048 3241 1157 3310 defen·

11 3299 14 3420 l
52 3343 100 3412 slas
110 3347 282 3438 inductum,
300 3356 409 3417 amoto
424 3350 468 3419 ab
484 3369 524 3417 eo
539 3348 683 3434 quolibet
698 3349 814 3416 illicito
829 3347 1014 3435 detentore;
1034 3358 1158 3419 eontra·

11 3447 14 3552 ξ
54 3451 172 3524 fficores
187 3475 433 3544 percensuram
450 3457 705 3525 ecclesiasticam
730 3457 952 3546 appellatione
976 3456 1157 3545 postposita

11 3555 13 3660 j
54 3565 281 3652 compescendo,
297 3565 447 3632 invocato
463 3565 507 3632 ad
523 3565 584 3633 boc
599 3565 628 3631 si
643 3582 780 3633 necesse
794 3563 892 3630 fuerit
902 3565 1025 3631 auxillo
1035 3563 1161 3633 brachii

11 3661 13 3760 j
55 3669 204 3740 secularis.
222 3673 345 3740 Datum
359 3671 461 3740 Rome
475 3672 564 3758 apud
580 3671 736 3738 Sanctam
744 3671 880 3736 Mariam
889 3671 1055 3757 Maiorem,
1069 3669 1158 3736 XVI.

54 3770 194 3846 kalendas
207 3777 358 3847 lanuarii
375 3779 585 3847 Pontificatns
601 3778 701 3846 nostri
717 3797 803 3844 anno
820 3783 944 3861 quarto.

11 3897 15 4034 p
142 3887 276 3954 Kivtil
293 3914 301 3955 :
317 3886 347 3954 J.
367 3885 524 3956 (luidonis
541 3906 600 3971 pro
614 3887 716 3954 fratre
734 3885 906 3952 Franclsco
921 3880 1076 3950 familiari
1093 3884 1159 3950 lla·

54 3987 132 4071 gistri
145 3993 305 4062 Jolrannis
321 3995 363 4063 de
376 3992 496 4063 Penne.

55 4183 162 4256 (lejubics
180 4193 286 4264 Simon,
303 4195 487 4252 Monumenta
504 4194 663 4264 spectantia
681 4191 830 4247 historiam
849 4192 995 4246 staverem
1023 4189 1155 4242 Meridie·

425 4289 540 4342 narrum.
561 4288 656 4338 uret.
676 4283 736 4336 rna.
756 4284 786 4350 r.)

467 4570 733 4584 ..w—¹¹·-
