3190 5190
610 325 672 392 139

552 415 713 428 *—

25 523 26 528 ’
97 519 250 588 Mereucha
264 520 454 588 existentem
470 521 605 588 Percino
625 522 744 589 Comiti
760 524 793 588 in
810 542 868 590 see
884 520 1057 608 priuilegio
1089 527 1198 588 eonte-

24 695 25 698 ,
96 630 181 714 lieset,
210 634 240 694 et
254 629 456 714 postmodnm
488 629 666 714 Dyonisius
682 629 837 713 Magister
856 631 1125 696 Tawarnieerum
1141 627 1197 696 do-

24 755 26 830 ,
95 738 167 803 mine
181 734 296 818 Regius
316 736 476 804 consortis
504 743 613 806 nostre
645 736 829 824 karissime,
863 738 950 804 dicto
983 736 1143 804 Conritetu
1161 734 1202 803 de

24 831 26 918 ᾗ
97 843 248 911 Mereeeha
280 865 321 911 ex
352 852 464 913 nestra
483 846 665 913 collacione
682 844 724 910 ad
741 845 848 930 ipsum
865 854 1019 932 perpetuo
1036 847 1196 926 deuolute,

24 939 27 1058 i
98 952 218 1019 eandem
236 959 351 1020 terram
385 953 572 1022 Glaunicha
603 952 795 1022 abstulisset
810 975 831 1020 a
847 955 970 1022 Gemite
1000 954 1135 1020 Pereine
1152 975 1201 1020 su·

24 1087 26 1152 3
93 1058 237 1144 pradicto;
276 1059 408 1130 tandem
447 1061 604 1148 Magister
645 1062 821 1148 Dyenisius
863 1071 1060 1130 memoratus
1091 1083 1198 1130 eornm

24 1153 26 1250 ζ
93 1167 173 1234 nobis
187 1168 402 1256 personaliter
425 1170 620 1237 constitutus
651 1171 833 1256 predictam
866 1179 985 1239 terram
1017 1170 1201 1241 Glauniehe

96 1277 205 1360 exemit,
215 1278 339 1364 excepit
356 1283 388 1344 et
405 1277 580 1344 extraxita
596 1278 769 1364 priuilegio
788 1299 847 1345 suo
864 1299 961 1364 super
976 1280 1048 1363 ipse
1065 1277 1200 1344 Genita-

24 1359 28 1452 ζ’
94 1383 191 1451 turibi
206 1405 368 1474 concesso,
385 1395 417 1453 et
444 1393 613 1472 exceptam
630 1393 662 1453 et
693 1393 869 1454 extractam
901 1386 1030 1469 reliquit
1046 1385 1087 1450 de
1117 1385 1203 1451 bena

24 1499 26 1530 ³
93 1492 241 1559 uoluntate
270 1515 330 1562 sua
363 1495 426 1582 ipsi
458 1494 574 1562 Comiti
602 1493 738 1562 Pereine
759 1496 852 1562 irrxta
868 1497 1080 1563 collacionem
1099 1494 1200 1578 patris

24 1591 27 1688 l
93 1600 178 1666 nestri
192 1602 383 1688 predictam,
401 1609 433 1670 et
448 1603 508 1670 sub
524 1601 618 1669 metis
634 1605 667 1669 in
685 1593 829 1670 eiusdem
850 1602 1033 1689 priuilegijs
1064 1608 1196 1669 oenten-

24 1727 27 1800 ᾗ,
91 1705 204 1772 tiseem
232 1709 382 1776 omnibus
413 1711 482 1776 suis
514 1709 710 1777 utilitatibus
743 1717 773 1776 et
801 1711 1010 1796 pertineneijs
1041 1717 1199 1796 perpetue

24 1883 26 1912 ἶ
90 1815 313 1896 possidendam.
341 1817 409 1885 Nes
440 1825 548 1884 autem
581 1818 774 1902 multiplices
806 1819 979 1886 sultlitates
997 1825 1029 1886 et
1060 1816 1201 1883 seruicia

24 1923 27 1946 ’
91 1920 157 1987 dieti
185 1922 314 1991 Comitis
339 1924 479 2011 Pereini,
495 1944 557 2009 que
574 1925 668 1992 nobis
684 1946 756 1992 eum
774 1945 910 2011 persone
926 1945 985 1993 sue
1000 1924 1201 2010 captiuaeio·

89 2038 316 2118 neetsuerum,
335 2040 368 2100 et
392 2053 501 2101 retum
533 2053 665 2101 suarum
698 2035 896 2118 expensione
928 2055 991 2100 non
1022 2031 1150 2098 modica
1167 2032 1201 2096 in

24 2139 26 2228 ξ
90 2135 212 2205 diuersis
240 2141 349 2226 Regni
381 2141 484 2210 nestri
514 2141 661 2226 negocijs
681 2140 837 2223 exhibuit,
855 2143 1073 2226 attendentes,
1092 2139 1201 2207 velen·

24 2289 26 2318 t
89 2253 184 2329 tesque
199 2249 315 2336 eidem,
332 2249 502 2318 utnestris
534 2256 679 2317 tenemur
710 2251 867 2336 fidelibus,
898 2251 1000 2334 Regio
1033 2265 1200 2316 occurrere

87 2371 147 2419 enm
177 2355 295 2446 tenore,
331 2357 544 2425 cellaeienem
575 2359 659 2425 dicte
680 2366 763 2426 terre
780 2379 837 2444 per
853 2358 990 2426 eundem
1005 2365 1127 2443 patrem
1146 2375 1201 2421 ne-

86 2463 376 2533 strumeibifactam
392 2465 484 2532 iuxta
504 2466 738 2533 continenciam
758 2465 920 2551 priuilegij
940 2487 1040 2551 super
1056 2464 1199 2532 eiusdem

84 2575 156 2638 terre
170 2573 350 2641 collacione
375 2573 522 2660 conlecti,
540 2576 729 2641 auctoritate
741 2575 944 2657 presencium
962 2574 1200 2656 confirmamus,

87 2685 112 2742 et
126 2679 292 2749 eximimus
326 2682 464 2749 eaedem
481 2683 522 2748 ab
554 2682 640 2747 omni
674 2682 782 2748 debite
800 2688 833 2748 et
862 2681 1002 2750 seruieie
1035 2681 1141 2749 (lustri
1158 2679 1199 2748 dc

86 2785 267 2874 Memnona,
292 2793 341 2862 ita
373 2809 452 2874 pure
484 2795 517 2855 et
542 2788 743 2875 simpliciter,
777 2795 811 2854 ut
832 2789 939 2856 nullus
972 2789 1129 2858 Comitum
1162 2787 1203 2855 de

87 2894 255 2983 Mereueha,
272 2899 329 2966 uel
345 2897 531 2966 officialium
557 2895 744 2984 eorundem,
765 2896 799 2963 in
830 2897 920 2966 dicta
949 2903 1037 2964 terra
1066 2897 1199 2964 racione

85 3003 151 3072 dicti
180 3008 287 3076 Casiri
324 3007 550 3092 proprietatem
582 3003 634 3073 rel
648 3004 913 3089 iurisdieeienem
932 3005 1080 3092 aliquam
1097 3007 1199 3093 possit

85 3115 126 3178 uel
140 3112 254 3182 debeat
271 3113 367 3203 (sibi)
383 3111 565 3181 uindicare.
582 3114 622 3179 Et
646 3113 861 3199 relinquimus
892 3115 1029 3181 eandem
1061 3113 1124 3200 ipsi
1141 3113 1199 3181 Ce-

86 3221 146 3287 miti
161 3220 309 3308 Pereino,
338 3230 431 3310 prout
452 3223 550 3290 ceteri
569 3222 695 3290 nobiles
711 3222 744 3288 in
759 3222 912 3290 Partibus
930 3221 1202 3290 Tranodrawanis

84 3331 233 3400 constituti
250 3337 357 3400 terras
373 3353 432 3400 sen
448 3331 672 3417 possessiones
688 3351 797 3398 eornm
815 3330 973 3420 detinent,
999 3332 1100 3400 libere
1132 3353 1203 3419 pes·

84 3434 261 3526 uidendam
287 3459 361 3508 eum
392 3446 425 3507 et
440 3438 547 3525 ipsum
566 3437 722 3506 Comitem
741 3439 911 3507 Pereinum
928 3441 1013 3508 inter
1029 3441 1152 3526 primes
1171 3448 1204 3509 et

29 3594 39 3607 .
83 3547 215 3628 pociores
231 3548 339 3634 Regni
355 3547 457 3616 nostri
473 3546 599 3614 nobiles
614 3553 810 3633 repetemus,
827 3569 888 3617 nee
905 3547 1038 3634 aliquod
1055 3549 1199 3620 debitum

85 3652 313 3723 uelsereieium
346 3657 417 3742 ipse
449 3662 482 3722 et
497 3654 567 3723 eius
598 3655 735 3724 heredes
767 3656 857 3724 dicte
889 3657 1003 3724 Castro
1029 3655 1069 3723 de
1086 3657 1200 3726 eadem

84 3758 263 3847 impendere
279 3771 460 3833 tencantur.
478 3763 516 3830 ln
534 3762 624 3831 ouius
655 3765 702 3831 rei
736 3766 923 3833 memoriam
941 3769 972 3830 et
988 3770 1098 3833 nostre
1130 3785 1203 3833 een·

86 3871 231 3940 cessionis
258 3873 442 3940 firmitatem
458 3879 646 3958 perpetuam
667 3879 834 3960 presentes
855 3873 961 3940 eidem
978 3873 1200 3940 concessimus

85 3971 199 4048 litteras
215 3979 380 4067 dupplieis
399 3981 502 4066 sigilli
527 3982 628 4049 nestri
660 3981 839 4049 munimine
870 3983 1048 4050 roboratae.
1078 3983 1199 4048 Datum

85 4102 134 4167 per
149 4106 265 4156 manus
292 4089 487 4156 venerabilis
503 4089 565 4157 viri
582 4089 731 4175 Magistri
762 4086 931 4156 Benedicti
946 4089 1064 4158 Sancte
1081 4089 1202 4171 Strigo·

81 4193 195 4262 niensis
211 4197 361 4265 Ecclesie
386 4199 503 4288 illecti,
538 4198 840 4284 eiusdemqeeleei
871 4198 1006 4265 Comitis
1037 4196 1202 4282 Perpetui,

81 4297 233 4370 Bedensis
265 4306 434 4393 Prepesiti,
465 4306 549 4374 Aule
580 4311 689 4374 nostre
721 4305 998 4392 UiceCaneellarij
1032 4303 1142 4371 dilecti
1171 4311 1204 4371 et

81 4405 175 4478 idelis
191 4414 294 4480 nestri
313 4435 398 4482 anne
413 4415 547 4482 Domini
562 4413 682 4483 ΜῠῦΟ0
699 4412 940 4502 septuagesimo
965 4414 1087 4498 quinte,
1104 4411 1204 4481 tercie

84 4513 149 4584 idue
178 4521 327 4608 Augusti,
344 4524 451 4612 Regni
469 4528 577 4592 autem
603 4523 707 4591 nestri
723 4541 809 4591 anne
825 4523 936 4592 tercie.
953 4520 1203 4589 Venerabilibus

87 4624 226 4708 patribus
243 4630 411 4719 Stephano
442 4632 611 4700 Oeleeensi
636 4639 667 4700 et
698 4629 848 4701 Jehanne
877 4629 1064 4717 Spalateusi
1094 4627 1206 4696 Archi·
