3096 5202
545 411 705 560 „geg

66 654 269 722 denariorum
285 655 565 740 Zagrabiensinm,
585 674 722 739 quarum
754 657 881 740 singule
912 657 1055 741 quinque
1087 673 1186 741 pense
1283 701 1285 708 ,

65 783 195 830 marcam
215 767 294 829 tnnc
309 763 464 847 temporis
493 762 677 852 iaciebant3
696 759 800 848 'quam
816 786 974 832 summam
991 764 1127 851 pecunie
1144 765 1186 830 ab
1281 777 1288 788 '

64 871 168 939 codem
200 869 351 956 capitulo
390 870 475 938 dixit
505 890 542 937 se
571 870 727 939 habuisse
759 880 791 938 et
822 873 971 958 plenarie
1013 873 1185 958 recepisse.

64 977 238 1062 Assumpsit
254 977 482 1044 nichilominus
513 978 600 1045 idem
625 980 740 1048 Petrus
757 983 841 1046 etse
860 978 993 1046 firmiter
1010 978 1182 1064 obligavit,

66 1091 96 1152 ut
104 1085 143 1152 ab
152 1086 303 1152 omnibus
319 1085 491 1154 occasione
505 1083 609 1171 ipsius
620 1085 783 1173 prelatum
799 1086 983 1170 Capitulum
1003 1085 1185 1153 volentibus

66 1195 203 1277 inpetere
234 1200 294 1261 aut
311 1195 415 1262 eciam
441 1196 623 1278 molestare,
638 1196 793 1282 expedire
809 1203 973 1264 teneretur
989 1196 1056 1264 suis
1073 1197 1187 1262 labori·
1261 1233 1265 1246 ·

67 1303 129 1386 bus,
142 1304 328 1387 sumptibus
339 1301 392 1368 vel
403 1303 564 1386 expensis.
575 1301 767 1368 menibus
789 1302 890 1370 eciam
906 1303 1023 1369 Potula
1038 1309 1070 1368 el
1085 1301 1189 1369 Borch

68 1409 210 1476 iratribus
241 1409 326 1477 dicti
344 1409 440 1491 Petri,
466 1407 611 1498 Dytrico,
628 1417 660 1476 et
674 1409 836 1497 Berynlao
855 1410 956 1477 fratre
972 1409 1125 1497 eiusdem,
1148 1411 1190 1478 de

68 1518 277 1600 generacione
294 1517 374 1585 dicti
388 1517 486 1602 Petri,
506 1516 736 1585 commetaneis
752 1516 907 1602 eiusdem,
925 1519 979 1601 qui
997 1515 1083 1583 lacte
1113 1536 1189 1584 ven·

71 1624 184 1693 dicioni
199 1633 232 1692 et
249 1625 413 1711 empcioni
430 1644 522 1690 suum
539 1626 737 1709 prebuerunt
753 1645 943 1693 consensum
960 1629 1189 1692 classensem.

1 1799 2 1804 ,
70 1733 158 1800 liuius
173 1732 306 1816 quidem
322 1738 407 1800 terre
432 1733 539 1816 prima
568 1736 654 1800 meta
685 1733 833 1818 incipito
850 1740 942 1820 parte
974 1731 1188 1816 meridyonali

1 1884 2 1891 κ
71 1847 182 1908 aterna
211 1839 453 1908 Grucileromm
485 1839 526 1907 de
543 1839 694 1925 Planyua
708 1841 743 1906 in
769 1861 835 1908 nna
851 1841 938 1908 valle
954 1858 1011 1924 per
1028 1837 1190 1924 quoddam

1 1961 2 1964 ’
70 1948 160 2032 potok
175 1949 304 2034 Zopoth
321 1947 541 2032 nominatum
565 1952 599 2013 et
612 1967 672 2032 per
688 1947 793 2032 ipsum
810 1945 911 2032 potok
931 1947 1035 2014 tendit
1061 1965 1187 2014 sursum

1 2091 2 2094 π
73 2077 171 2126 versus
201 2056 404 2126 occidentem
435 2055 631 2144 etpcrvenit
656 2055 699 2123 ad
714 2061 819 2124 terras
836 2055 964 2142 Dytrici
981 2061 1013 2122 et
1039 2053 1191 2142 Borynlai

74 2163 171 2231 iratrie
185 2164 336 2232 eiusdem
354 2187 362 2244 ;
395 2162 513 2230 deinde
529 2163 596 2230 exit
611 2162 653 2228 dc
671 2162 772 2246 pctok
789 2160 830 2229 ad
847 2160 930 2229 duas
945 2163 1079 2230 arbores
1095 2163 1144 2229 tul
1159 2167 1192 2228 et

73 2269 171 2338 chersa
201 2279 349 2359 vocatas,
382 2292 475 2340 cruce
490 2271 639 2358 signatas
655 2277 687 2338 et
702 2271 795 2338 metis
827 2271 941 2339 terreis
959 2271 1191 2356 circumfusas3

1 2359 2 2426 ἶ
75 2376 598 2464 nudcprcceditadberchnnum
616 2380 757 2447 adduas
777 2377 910 2446 arbores
942 2377 1027 2446 lulla
1058 2386 1192 2447 vocatas
1317 2411 1327 2430 ι

75 2486 158 2554 metis
186 2489 303 2556 terreis
334 2488 566 2573 circumfusam
599 2493 632 2553 et
655 2509 713 2575 per
743 2488 847 2575 ipsum
873 2487 969 2556 berch
985 2488 1134 2556 ascendit
1148 2488 1191 2556 ad

77 2603 212 2683 monam,
226 2599 284 2664 ubi
302 2603 352 2664 est
370 2603 458 2665 meta
477 2603 603 2681 terrea;
634 2595 723 2663 unde
753 2599 842 2664 venit
872 2597 915 2665 ad
946 2599 1029 2664 duas
1060 2598 1193 2665 arbores

78 2701 176 2770 chersa
190 2711 328 2772 vocatas
347 2703 441 2772 metis
460 2704 574 2773 terreis
591 2704 813 2792 circumfusas,
830 2710 863 2771 et
877 2725 937 2790 per
952 2703 1088 2774 eundem
1104 2725 1192 2773 mon·
1229 2751 1231 2756 ,

78 2817 131 2876 tem
145 2809 314 2880 descendit
329 2813 373 2878 ad
388 2812 471 2879 duas
486 2821 591 2880 metas
610 2821 749 2897 terream
775 2811 892 2882 deinde
917 2813 1006 2880 venit
1037 2811 1080 2880 ad
1109 2812 1193 2880 duas
1251 2805 1252 2808 ’

79 2916 195 2986 arbores
219 2920 334 2987 charla
348 2932 483 2990 vocatas
503 2923 597 2990 metis
614 2921 727 2990 terreis
743 2919 977 3003 circumfusas;
1001 2919 1087 2987 unde
1102 2920 1192 2987 venit

78 3023 225 3093 invallem
242 3027 287 3094 ad
304 3049 401 3096 unum
418 3029 519 3115 potok
538 3049 651 3098 versus
666 3027 939 3114 septemtrionem,
956 3027 1012 3094 ubi
1028 3033 1077 3096 cst
1093 3028 1189 3095 arbor

81 3130 177 3200 cherla
206 3141 294 3202 meta
324 3141 430 3203 terrea
460 3135 653 3204 circumfusa
668 3161 677 3217 3
709 3144 741 3202 et
772 3154 831 3221 per
846 3137 953 3221 ipsum
970 3136 1073 3220 potolr
1089 3134 1193 3201 tendit

81 3258 193 3308 sumum
207 3243 250 3310 ad
268 3249 368 3329 caput
383 3245 472 3312 illins
487 3243 600 3330 potolr,
617 3245 673 3310 ubi
684 3243 840 3312 antarbot
856 3243 967 3310 chersa
983 3249 1071 3310 meta
1086 3249 1193 3310 terrea

10 3371 14 3470 p
82 3346 279 3432 cionmlusa3
304 3350 389 3419 unde
421 3371 535 3437 parum
554 3350 762 3439 procedendo
777 3350 928 3418 ascendit
943 3352 975 3418 in
992 3355 1132 3429 montem
1148 3349 1192 3418 ad

11 3473 14 3536 ‘p
83 3453 157 3522 uam
173 3458 335 3546 puplicam
350 3479 408 3543 per
424 3478 521 3543 quam
536 3460 601 3526 itur
627 3459 670 3525 ad
701 3458 837 3542 Vorosd,
867 3457 921 3525 ubi
951 3465 1026 3525 sunt
1056 3466 1194 3544 quatuor

12 3537 16 3590 l
85 3565 156 3628 nete
177 3571 298 3651 lerree;
322 3564 442 3634 deinde
457 3585 518 3652 per
534 3565 670 3633 cundem
689 3574 827 3632 montem
843 3566 946 3633 tendit
960 3586 1074 3634 versus
1091 3569 1194 3635 orien-

86 3673 138 3734 tcm
154 3677 184 3737 et
199 3673 348 3758 pervenit
363 3673 407 3740 ad
438 3671 521 3741 duas
551 3681 656 3740 metas
686 3678 819 3760 terreas,
849 3674 904 3741 ubi
935 3675 1078 3758 iungitur
1107 3683 1194 3744 terre

35 3812 40 3821 ·
84 3772 182 3862 Potui,
203 3779 277 3848 inde
308 3779 400 3848 vadit
429 3780 472 3848 ad
488 3781 637 3850 arborem
667 3801 778 3867 pyrus,
795 3785 880 3848 meta
898 3789 1006 3850 terrea
1021 3783 1190 3850 circumlu-

87 3903 163 3970 sam;
184 3888 265 3956 uude
281 3908 396 3976 parum
413 3888 615 3976 procedendo
635 3889 842 3974 pervenitad
860 3909 926 3956 una
944 3895 1064 3956 metm
1095 3896 1194 3958 terre-

88 4007 250 4078 emaque
280 3994 448 4064 descendit
464 4015 521 4082 per
546 3995 663 4062 vallem
681 3995 768 4063 circa
784 3993 913 4061 domum
928 3996 1055 4082 Potula,
1072 3996 1127 4064 ubi
1145 4004 1195 4066 est

87 4098 168 4166 arbor
181 4109 333 4172 cannae
349 4125 442 4172 cruce
457 4105 607 4192 signala3
631 4103 750 4171 deinde
765 4103 915 4172 ascendit
929 4103 963 4168 in
980 4109 1120 4171 montem
1151 4105 1195 4171 ad

91 4205 219 4276 arborem
249 4219 433 4280 castaneam
454 4230 549 4278 cruce
565 4209 729 4293 signatam
746 4215 779 4278 et
793 4217 882 4277 meta
900 4217 1008 4276 terrea
1024 4211 1194 4278 circumlu-

91 4330 167 4397 sam3
188 4319 272 4387 unde
296 4319 524 4388 descendendo
555 4337 615 4404 per
646 4318 763 4386 vallem
796 4316 943 4402 pervenit
973 4317 1016 4384 ad
1047 4315 1194 4384 arborem

94 4426 295 4493 astanearum
326 4443 423 4494 cruce
454 4427 618 4510 signatam
644 4431 678 4493 et
693 4433 780 4492 meta
799 4432 907 4493 terrea
923 4423 1160 4512 circumfusam,
1174 4446 1196 4491 a

45 4552 50 4560 ·
95 4544 148 4607 qua
161 4533 243 4598 venit
256 4535 288 4599 in
304 4537 453 4603 arborem
470 4533 585 4618 egurla
599 4541 748 4602 vocatam
766 4542 798 4600 ct
812 4539 901 4600 meta
925 4539 1031 4599 terrea
1062 4531 1196 4600 circum·

96 4627 294 4722 francium
325 4641 503 4728 procedens
533 4642 682 4726 pervenit
713 4641 756 4707 ad
787 4662 884 4709 unum
918 4639 1029 4726 potck,
1060 4640 1115 4709 ubi
1146 4649 1196 4708 est

97 4740 175 4808 arbor
189 4749 294 4831 egurla
312 4770 405 4821 cruce
436 4750 577 4836 signata,
610 4755 643 4816 et
673 4769 731 4836 per
761 4750 867 4836 ipsum
899 4749 1000 4835 polck
1031 4746 1120 4816 venit
1151 4745 1193 4816 ari
