3160 5200
863 319 1022 418 *ouo

374 511 481 590 Qnsm
496 514 668 598 pecuniam
686 521 786 580 totum
804 513 918 578 eodem
935 512 1093 596 Magistro
1111 511 1271 578 Corrardo
1302 513 1499 597 persoluente

372 617 520 686 Diouisio
552 617 768 704 etffitephuuo
800 618 878 704 iilijs
909 619 1086 714 Leuusrdi,
1106 618 1184 684 item
1200 618 1277 702 iiiijs
1294 615 1429 685 Comitis
1444 621 1498 685 Do

372 726 482 793 minici
499 731 530 792 et
545 725 623 812 filijs
641 725 811 809 tonsuris,
844 725 984 792 filiorum
1016 725 1167 792 uidelicet
1196 725 1362 793 Leunurdi
1394 745 1498 811 supra·

373 831 470 920 dicti;
494 855 535 902 ex
566 833 683 918 quibus
714 840 746 899 et
772 853 831 919 pro
858 834 974 919 quibus
1021 831 1188 918 predictus
1219 833 1388 899 Diouisins
1419 832 1496 897 iilius

371 939 535 1008 Lcnusrdi
553 941 770 1027 personaliter
775 945 784 1026 ,'
797 939 1017 1026 compureudo
1048 939 1171 1025 recepit
1201 939 1373 1025 pecuniam
1406 946 1498 1005 totam

371 1047 609 1134 supradictum
635 1047 725 1116 cuius
756 1046 887 1132 quidem
918 1047 1055 1132 pecunie
1080 1067 1229 1131 sumpno,
1246 1053 1279 1114 et
1292 1042 1406 1114 modus
1422 1046 1499 1112 solo·

372 1153 485 1241 cionis,
511 1155 628 1222 litteris
659 1153 798 1222 Ducisse
828 1156 932 1222 tocius
949 1153 1121 1221 Sclououie
1153 1154 1289 1237 plenius
1312 1153 1498 1221 continetur.

372 1260 527 1330 Pretercs
541 1261 708 1348 predictus
723 1261 879 1346 Magister
895 1261 1076 1329 Corrurdus
1092 1259 1214 1327 ibidem
1231 1258 1500 1345 inpresenciurum

373 1365 512 1434 maudo
528 1366 660 1435 nominc
679 1368 739 1453 sni,
756 1387 796 1434 sc
812 1366 942 1434 uomiue
968 1375 1001 1434 et
1032 1366 1104 1434 uice
1134 1364 1269 1432 Comitis
1300 1363 1417 1433 Jsconi
1447 1365 1498 1449 filij

371 1475 432 1561 sui,
448 1476 546 1544 cessit
578 1481 611 1541 et
643 1474 847 1542 rennncisuit
877 1473 964 1542 omni
981 1473 1108 1541 accioui
1123 1491 1181 1538 suc
1203 1491 1301 1555 quem
1318 1469 1402 1539 sorte
1420 1491 1499 1539 nunc

372 1582 425 1647 usl
442 1581 476 1647 iu
491 1589 655 1666 posterum
677 1601 775 1669 snper
790 1581 876 1652 fecto
908 1587 991 1664 terre
1020 1579 1156 1664 Beuugh
1187 1577 1345 1647 aduersus
1374 1578 1499 1648 cosdem

372 1687 456 1756 filios
487 1686 649 1756 Leonerdi
681 1686 736 1762 ds,
751 1687 916 1774 Nempthy
931 1706 1061 1758 mouere
1077 1685 1244 1774 potuisset.
1262 1687 1383 1752 Datum
1397 1686 1430 1751 in
1445 1704 1495 1752 oo

373 1796 458 1862 mnis
472 1795 584 1862 Suncti
601 1794 729 1863 Nicoiui
746 1796 942 1864 confessoris
958 1814 1045 1864 anno
1069 1793 1201 1862 Domini
1232 1789 1406 1861 millesimo
1435 1791 1495 1860 GC·
1539 1810 1542 1821 ·

372 1901 583 1988 nonogesimo
603 1901 728 1985 quinto.

481 2008 723 2112 Ktrd12Pro
750 2007 907 2092 Magistro
938 2006 1098 2076 Ocrrsrdo
1132 2013 1164 2074 ci
1195 2005 1262 2074 iilic
1294 2026 1355 2074 suo
1384 2005 1496 2072 Gemite

372 2115 523 2198 Jscobc
531 2121 643 2182 contro
673 2112 856 2183 Dionisinm
886 2119 919 2182 et
947 2113 1150 2200 Stephanum
1182 2112 1269 2180 tilios
1285 2112 1452 2198 Leuunrdi,
1467 2118 1496 2177 et

373 2219 458 2290 filios
472 2220 642 2307 Dominici,
658 2227 690 2289 et
708 2222 791 2290 iiiios
823 2219 982 2290 Johaunis
1014 2239 1113 2304 super
1143 2218 1383 2304 composicione
1412 2217 1493 2303 ptuit

373 2328 483 2397 inter
475 2348 573 2414 ipsos.

372 2523 514 2586 (ilredetic
533 2526 715 2590 bdrhtrtyrtn,
734 2541 751 2577 s
769 2523 912 2589 ztrpecset
930 2523 1083 2587 slveszett3
1105 2536 1121 2574 c
1141 2521 1219 2573 mett.
1240 2519 1311 2573 bird
1333 2520 1427 2588 noroy
1438 2533 1489 2570 css·

798 2613 846 2664 ltu
857 2611 1071 2674 ierdlttrdbsn.)

904 3426 980 3496 tot.

379 3633 410 3696 A
446 3633 535 3715 pros
558 3625 792 3715 ιιιιεφιιιιαηηαιε
814 3626 1086 3711 cormponere,
1127 3627 1209 3713 copy
1239 3601 1344 3692 όυάη·
1366 3625 1490 3693 urmes
1539 3610 1543 3621 '

369 3752 478 3808 mester
510 3735 671 3802 Joitucnee
705 3733 842 3800 Latinus
871 3734 960 3819 pc'ooi
976 3733 1166 3818 polycronio
1188 3734 1358 3800 cloodbcn
1381 3739 1488 3799 torcios

664 3841 882 3908 kororitcrerr
904 3840 999 3924 clepet
1021 3849 1084 3904 teti.
1109 3841 1211 3906 1295.

479 4040 547 4108 Nos
578 4031 760 4120 Capitulum
792 4030 1153 4115 Quinqneecclcsieusis
1183 4033 1331 4104 Ecclesie
1349 4034 1489 4104 memorie

369 4147 645 4228 commendamus,
663 4139 749 4228 quod
764 4137 930 4208 Johcnnes
961 4139 1099 4210 Latinus
1130 4139 1216 4210 filius
1248 4141 1391 4211 cenant
1418 4137 1490 4210 ciuis

370 4252 591 4339 Peeohysusis
623 4248 836 4335 personaliter
867 4247 1084 4332 compsreudo
1115 4246 1206 4336 dixit,
1237 4249 1323 4335 qnod
1348 4249 1489 4334 Magister

373 4361 552 4433 Corrsrdns
568 4359 609 4426 dc
626 4357 723 4426 Owar
739 4355 826 4421 iliam
844 4352 1012 4421 dimidiam
1044 4373 1197 4443 marcum,
1231 4378 1329 4441 quam
1360 4359 1418 4427 sibi
1446 4375 1487 4420 ra·

369 4471 464 4540 cione
496 4465 663 4536 cniusdam
681 4462 771 4548 gequi
801 4462 851 4529 sni
884 4461 1030 4548 impediti
1046 4462 1080 4529 in
1101 4464 1178 4532 vilis
1194 4464 1339 4534 eiusdem
1355 4461 1486 4551 Magistri

373 4573 526 4647 eunardi
542 4571 632 4660 opud
647 4568 817 4638 Nicolaum
843 4567 942 4636 filiurn
978 4569 1125 4652 Ledeger
1155 4569 1197 4639 dc
1228 4571 1370 4646 Dabskn
1398 4572 1485 4656 impe
