3162 5200
1115 6 1578 383 Ἴ

886 418 1047 522 joo-

402 640 464 706 que
488 621 716 704 quoadunatue
742 617 849 700 vergit
864 617 979 688 iterum
999 618 1042 687 ad
1058 616 1225 684 meridiem
1242 617 1276 685 in
1306 616 1520 686 commetanci·

400 733 467 797 tate
497 730 713 815 predictorum
745 725 883 794 filiorum
915 726 1130 814 llladoclrnot,
1161 734 1193 795 et
1208 727 1274 794 exit
1289 726 1329 794 dc
1345 728 1418 813 ipso
1431 727 1519 796 fluvio

401 836 445 904 ad
458 857 557 906 unam
574 843 708 907 stratam
726 835 769 903 ad
786 834 869 903 duas
885 836 1018 904 arbores
1043 836 1148 920 nucis,
1165 843 1197 904 et
1213 835 1304 903 vadit
1334 855 1393 922 par
1421 835 1520 921 ipsam

399 950 535 1014 scalam
569 946 705 1014 interra
728 943 847 1012 arabili
864 963 965 1028 penes
980 945 1114 1012 arbores
1131 943 1301 1030 fructuum,
1317 949 1350 1011 et
1364 942 1519 1012 veniendo

398 1052 433 1119 in
450 1053 562 1122 adem
579 1073 690 1122 versus
705 1051 815 1120 villam
839 1049 948 1118 (lason
980 1051 1151 1120 revertitur
1182 1053 1297 1120 iterum
1314 1049 1357 1118 ed
1388 1053 1517 1140 primam

397 1167 526 1247 metam,
550 1160 646 1230 stibi
661 1161 863 1229 terminatur.
880 1159 921 1227 Et
937 1165 973 1228 ut
989 1178 1122 1245 presens
1152 1166 1264 1228 nostra
1280 1158 1418 1228 donacio
1433 1158 1518 1226 lirma

398 1287 471 1338 esse
484 1270 590 1357 possit
606 1277 639 1338 et
654 1270 772 1354 valeat,
787 1268 821 1334 in
837 1266 1020 1337 huiusmodi
1041 1267 1088 1335 rei
1104 1267 1328 1338 certitudinem
1343 1275 1378 1336 et
1393 1266 1517 1335 maioris

397 1377 494 1446 robur
523 1376 684 1446 firmitatis
715 1385 884 1464 presentes
916 1377 1109 1446 contulimus
1141 1376 1281 1464 duplicis
1306 1376 1407 1462 sigilli
1424 1376 1516 1444 nostri

397 1485 575 1554 munimine
591 1487 771 1556 roboratas.
787 1485 908 1553 Datum
925 1504 984 1570 per
1002 1504 1116 1552 mamm
1148 1484 1342 1552 venerabilis
1375 1485 1437 1552 viri
1455 1487 1515 1552 lla·
1577 1473 1578 1476 '

394 1593 490 1678 gistri
519 1593 685 1678 Demetrii,
715 1592 869 1662 Albensi·
901 1592 1048 1661 Ecclesia
1073 1592 1243 1680 Praepositi,
1275 1593 1399 1663 domini
1432 1595 1515 1679 Papo

395 1701 578 1788 Capeliani,
594 1702 670 1770 aule
686 1708 794 1771 nostre
811 1699 1097 1792 ViceGancellarii‚
1117 1700 1226 1770 dilecti
1243 1709 1275 1772 ot
1288 1701 1392 1770 fidelis
1409 1701 1510 1784 nostri

394 1831 480 1878 anno
497 1809 540 1876 ab
555 1810 788 1878 Inoarnacione
812 1809 946 1878 Domini
963 1810 1132 1879 millesimo
1149 1810 1372 1880 ducentesimo
1389 1817 1513 1897 septua-

394 1920 520 2006 gesimo
535 1921 684 2008 septimo,
702 1926 816 1987 octavo
832 1918 906 1986 idus
922 1919 1045 2009 Marcii,
1064 1920 1168 2004 Regni
1186 1926 1296 1987 antem
1316 1921 1401 1988 notri
1434 1939 1510 1987 anno

394 2030 516 2114 quinto.
1576 2021 1578 2058 ²

465 2228 627 2294 (Thalcsios,
646 2230 769 2281 Monam.
788 2229 854 2280 hist.
873 2229 964 2293 Episo.
984 2230 1179 2296 Zagrabiensis
1202 2229 1222 2280 1.
1243 2231 1303 2281 lot.
1327 2234 1385 2281 183.
1405 2231 1436 2294 l.)

919 3127 993 3198 los.

395 3329 413 3390 I
422 3326 455 3391 V.
474 3326 587 3392 Ldozlo
603 3329 711 3413 kirnly
732 3326 882 3394 Tornaoo
893 3329 1047 3415 helyaeqet
1047 3326 1228 3412 felmcnts'a
1240 3329 1377 3416 zciqrcibi
1376 3327 1510 3415 scitopoli

703 3438 993 3523 rorotnytatosctqa
1010 3438 1088 3504 alst.
1113 3438 1210 3505 1277.

495 3629 671 3700 Ladizlans
702 3631 762 3697 Dei
779 3633 893 3716 gracia
923 3631 1076 3720 Vegetio,
1094 3633 1270 3718 Dalmaoie,
1288 3631 1434 3721 Occasio,
1451 3633 1507 3698 Ra·

388 3739 584 3826 melleraie,
602 3737 748 3826 Gallicis,
765 3741 968 3825 Lodomerie‚
995 3741 1160 3826 Cumanis,
1192 3742 1411 3828 Bolgnrieque
1443 3743 1507 3806 Rex

311 3885 313 3894 =
386 3845 536 3913 omnibns
568 3847 685 3914 Christi
717 3846 866 3916 fidelibus
892 3856 1060 3935 presentes
1077 3849 1204 3917 litteras
1221 3849 1509 3938 inspecturissalu·

387 3959 452 4020 tem
470 3957 503 4020 in
519 3953 634 4021 salutis
649 3955 796 4040 lagilore.
812 3957 924 4024 Inesse
939 3957 1036 4025 debet
1053 3958 1195 4043 Regibus
1226 3959 1310 4026 inste
1341 3958 1508 4026 consulens

385 4061 567 4129 liberalitas
600 4068 632 4128 ct
647 4063 701 4150 pie
720 4063 862 4132 suadens
887 4065 1086 4150 benignitas,
1103 4073 1138 4133 ut
1152 4065 1289 4148 singolis
1305 4074 1338 4133 et
1354 4063 1508 4134 universis

384 4168 436 4253 qni
454 4169 495 4235 de
511 4177 623 4236 extera
640 4173 774 4238 nacione
791 4172 1002 4240 advenientes
1025 4193 1087 4257 qne
1103 4191 1164 4242 sun
1193 4181 1270 4240 sunt
1301 4173 1505 4257 reliquerunt,

385 4275 488 4359 Regio
504 4295 563 4360 pro
579 4276 690 4345 lavore
707 4277 739 4344 in
755 4278 822 4345 suis
837 4288 984 4348 crescant
999 4280 1163 4349 beneficiis
1180 4281 1262 4348 alios
1278 4281 1320 4348 ad
1331 4278 1508 4349 consimilia

387 4379 564 4450 invitando.
581 4383 667 4453 Hinc
683 4391 742 4472 est,
759 4385 845 4470 qnod
862 4406 933 4455 oum
951 4388 1107 4472 Magister
1123 4389 1302 4472 (isnardus,
1327 4379 1464 4457 dilectos
1479 4392 1508 4452 el

384 4490 488 4558 tidelis
519 4490 642 4576 lysicus
673 4501 791 4581 noster,
808 4493 975 4564 universas
996 4497 1217 4582 possessiones
1238 4517 1316 4566 snas
1332 4505 1364 4564 et
1379 4517 1438 4568 sna
1453 4517 1508 4582 pa·

384 4596 538 4665 trimonia
566 4599 610 4666 ad
642 4601 797 4684 Regalem
828 4605 969 4672 conlisus
1000 4605 1246 4688 providenciam
1274 4625 1334 4694 pro
1364 4604 1499 4673 dominis

382 4703 463 4770 Belo
493 4725 554 4774 avo
571 4713 679 4776 nostro
695 4717 726 4774 et
741 4709 909 4797 Stephano
933 4721 1028 4798 patre
1044 4721 1154 4782 nostro
1171 4715 1364 4804 karissimis,
1381 4710 1505 4782 illustri·
