<?xml version="1.0" encoding="UTF-8"?>
<!DOCTYPE html PUBLIC "-//W3C//DTD XHTML 1.0 Transitional//EN"
    "http://www.w3.org/TR/xhtml1/DTD/xhtml1-transitional.dtd">
<html xmlns="http://www.w3.org/1999/xhtml" xml:lang="en" lang="en">
 <head>
  <title>
</title>
<meta http-equiv="Content-Type" content="text/html;charset=utf-8" />
  <meta name='ocr-system' content='tesseract 3.04.00' />
  <meta name='ocr-capabilities' content='ocr_page ocr_carea ocr_par ocr_line ocrx_word'/>
</head>
<body>
  <div class='ocr_page' id='page_1' title='image "./codexdiplomatic00wenzgoog_0397.png"; bbox 0 0 3102 5196; ppageno 0'>
   <div class='ocr_carea' id='block_1_1' title="bbox 509 399 669 501">
    <p class='ocr_par' dir='ltr' id='par_1_1' title="bbox 509 399 669 501">
     <span class='ocr_line' id='line_1_1' title="bbox 509 399 669 501; baseline 0 -36"><span class='ocrx_word' id='word_1_1' title='bbox 509 399 669 501; x_wconf 48' lang='lat' dir='ltr'>Q</span> 
     </span>
    </p>
   </div>
   <div class='ocr_carea' id='block_1_2' title="bbox 1 585 1154 2298">
    <p class='ocr_par' dir='ltr' id='par_1_2' title="bbox 1 585 1154 2298">
     <span class='ocr_line' id='line_1_2' title="bbox 1 585 1149 682; baseline 0.001 -20"><span class='ocrx_word' id='word_1_2' title='bbox 1 585 2 672; x_wconf 60' lang='grc' dir='ltr'>ἶ</span> <span class='ocrx_word' id='word_1_3' title='bbox 45 597 196 666; x_wconf 87' lang='lat' dir='ltr'>internos</span> <span class='ocrx_word' id='word_1_4' title='bbox 225 602 402 682; x_wconf 81' lang='lat' dir='ltr'>generetur,</span> <span class='ocrx_word' id='word_1_5' title='bbox 432 593 668 680; x_wconf 84' lang='lat' dir='ltr'>quinquaginta</span> <span class='ocrx_word' id='word_1_6' title='bbox 698 596 813 679; x_wconf 84' lang='lat' dir='ltr'>iugera</span> <span class='ocrx_word' id='word_1_7' title='bbox 839 594 880 662; x_wconf 84' lang='lat' dir='ltr'>de</span> <span class='ocrx_word' id='word_1_8' title='bbox 896 593 1044 681; x_wconf 88' lang='lat' dir='ltr'>predicta</span> <span class='ocrx_word' id='word_1_9' title='bbox 1060 601 1149 664; x_wconf 88' lang='lat' dir='ltr'>terra</span> 
     </span>
     <span class='ocr_line' id='line_1_3' title="bbox 46 689 1154 785; baseline 0 -15"><span class='ocrx_word' id='word_1_10' title='bbox 46 689 173 770; x_wconf 74' lang='lat' dir='ltr'>Ecclesia</span> <span class='ocrx_word' id='word_1_11' title='bbox 188 702 307 770; x_wconf 81' lang='lat' dir='ltr'>Sancte</span> <span class='ocrx_word' id='word_1_12' title='bbox 335 700 506 769; x_wconf 80' lang='lat' dir='ltr'>Trinitatis</span> <span class='ocrx_word' id='word_1_13' title='bbox 526 701 689 771; x_wconf 78' lang='lat' dir='ltr'>antedicta</span> <span class='ocrx_word' id='word_1_14' title='bbox 709 701 865 785; x_wconf 85' lang='lat' dir='ltr'>dedimus,</span> <span class='ocrx_word' id='word_1_15' title='bbox 896 701 1089 771; x_wconf 87' lang='lat' dir='ltr'>donauimus</span> <span class='ocrx_word' id='word_1_16' title='bbox 1121 709 1154 770; x_wconf 93' lang='lat' dir='ltr'>et</span> 
     </span>
     <span class='ocr_line' id='line_1_4' title="bbox 1 809 1152 898; baseline -0.003 -20"><span class='ocrx_word' id='word_1_17' title='bbox 1 841 2 886; x_wconf 67' lang='lat' dir='ltr'>f</span> <span class='ocrx_word' id='word_1_18' title='bbox 45 810 219 878; x_wconf 89' lang='lat' dir='ltr'>contulimus</span> <span class='ocrx_word' id='word_1_19' title='bbox 250 809 484 895; x_wconf 79' lang='lat' dir='ltr'>perpetualiter</span> <span class='ocrx_word' id='word_1_20' title='bbox 498 809 708 896; x_wconf 88' lang='lat' dir='ltr'>possidenda.</span> <span class='ocrx_word' id='word_1_21' title='bbox 733 809 814 878; x_wconf 88' lang='lat' dir='ltr'>Dies</span> <span class='ocrx_word' id='word_1_22' title='bbox 830 816 950 898; x_wconf 83' lang='lat' dir='ltr'>tamen,</span> <span class='ocrx_word' id='word_1_23' title='bbox 965 811 1043 896; x_wconf 87' lang='lat' dir='ltr'>quia</span> <span class='ocrx_word' id='word_1_24' title='bbox 1057 812 1152 878; x_wconf 89' lang='lat' dir='ltr'>ambe</span> 
     </span>
     <span class='ocr_line' id='line_1_5' title="bbox 1 909 1151 1004; baseline -0.001 -20"><span class='ocrx_word' id='word_1_25' title='bbox 1 909 2 958; x_wconf 57' lang='lat' dir='ltr'>l</span> <span class='ocrx_word' id='word_1_26' title='bbox 43 925 136 986; x_wconf 88' lang='lat' dir='ltr'>nostre</span> <span class='ocrx_word' id='word_1_27' title='bbox 149 925 221 985; x_wconf 89' lang='lat' dir='ltr'>sunt</span> <span class='ocrx_word' id='word_1_28' title='bbox 235 917 390 1004; x_wconf 77' lang='lat' dir='ltr'>Ecclesia,</span> <span class='ocrx_word' id='word_1_29' title='bbox 406 919 492 986; x_wconf 89' lang='lat' dir='ltr'>inter</span> <span class='ocrx_word' id='word_1_30' title='bbox 507 917 638 985; x_wconf 88' lang='lat' dir='ltr'>easdem</span> <span class='ocrx_word' id='word_1_31' title='bbox 657 924 761 985; x_wconf 85' lang='lat' dir='ltr'>metas</span> <span class='ocrx_word' id='word_1_32' title='bbox 792 936 857 984; x_wconf 91' lang='lat' dir='ltr'>non</span> <span class='ocrx_word' id='word_1_33' title='bbox 888 916 1060 1002; x_wconf 80' lang='lat' dir='ltr'>ereximus,</span> <span class='ocrx_word' id='word_1_34' title='bbox 1092 915 1151 983; x_wconf 90' lang='lat' dir='ltr'>sed</span> 
     </span>
     <span class='ocr_line' id='line_1_6' title="bbox 1 1023 1147 1113; baseline 0 -21"><span class='ocrx_word' id='word_1_35' title='bbox 1 1032 2 1106; x_wconf 76' lang='lat' dir='ltr'>j</span> <span class='ocrx_word' id='word_1_36' title='bbox 43 1025 207 1094; x_wconf 75' lang='lat' dir='ltr'>incircuitu</span> <span class='ocrx_word' id='word_1_37' title='bbox 238 1032 323 1094; x_wconf 89' lang='lat' dir='ltr'>terre</span> <span class='ocrx_word' id='word_1_38' title='bbox 338 1026 451 1113; x_wconf 85' lang='lat' dir='ltr'>Boyoh</span> <span class='ocrx_word' id='word_1_39' title='bbox 465 1027 527 1094; x_wconf 90' lang='lat' dir='ltr'>hec</span> <span class='ocrx_word' id='word_1_40' title='bbox 542 1033 617 1094; x_wconf 89' lang='lat' dir='ltr'>sunt</span> <span class='ocrx_word' id='word_1_41' title='bbox 631 1025 729 1112; x_wconf 85' lang='lat' dir='ltr'>signa</span> <span class='ocrx_word' id='word_1_42' title='bbox 745 1050 752 1091; x_wconf 90' lang='lat'>:</span> <span class='ocrx_word' id='word_1_43' title='bbox 769 1026 834 1093; x_wconf 87' lang='lat' dir='ltr'>Via</span> <span class='ocrx_word' id='word_1_44' title='bbox 849 1025 975 1094; x_wconf 86' lang='lat' dir='ltr'>seilicet</span> <span class='ocrx_word' id='word_1_45' title='bbox 992 1023 1147 1092; x_wconf 85' lang='lat' dir='ltr'>adiacens</span> 
     </span>
     <span class='ocr_line' id='line_1_7' title="bbox 43 1132 1151 1221; baseline 0.001 -21.963"><span class='ocrx_word' id='word_1_46' title='bbox 43 1136 76 1200; x_wconf 89' lang='lat' dir='ltr'>sb</span> <span class='ocrx_word' id='word_1_47' title='bbox 90 1134 232 1218; x_wconf 84' lang='lat' dir='ltr'>aquilone</span> <span class='ocrx_word' id='word_1_48' title='bbox 245 1140 342 1218; x_wconf 88' lang='lat' dir='ltr'>parte</span> <span class='ocrx_word' id='word_1_49' title='bbox 356 1133 491 1203; x_wconf 85' lang='lat' dir='ltr'>Minoris</span> <span class='ocrx_word' id='word_1_50' title='bbox 507 1133 657 1219; x_wconf 81' lang='lat' dir='ltr'>Harsan3</span> <span class='ocrx_word' id='word_1_51' title='bbox 674 1142 707 1202; x_wconf 91' lang='lat' dir='ltr'>et</span> <span class='ocrx_word' id='word_1_52' title='bbox 715 1155 772 1221; x_wconf 88' lang='lat' dir='ltr'>per</span> <span class='ocrx_word' id='word_1_53' title='bbox 783 1134 920 1203; x_wconf 89' lang='lat' dir='ltr'>eandem</span> <span class='ocrx_word' id='word_1_54' title='bbox 939 1134 1026 1201; x_wconf 86' lang='lat' dir='ltr'>uiam</span> <span class='ocrx_word' id='word_1_55' title='bbox 1043 1132 1151 1202; x_wconf 90' lang='lat' dir='ltr'>eundo</span> 
     </span>
     <span class='ocr_line' id='line_1_8' title="bbox 1 1239 1152 1328; baseline 0.001 -21"><span class='ocrx_word' id='word_1_56' title='bbox 1 1257 3 1324; x_wconf 55' lang='lat' dir='ltr'>p</span> <span class='ocrx_word' id='word_1_57' title='bbox 45 1240 180 1326; x_wconf 84' lang='lat' dir='ltr'>mquead</span> <span class='ocrx_word' id='word_1_58' title='bbox 190 1241 390 1328; x_wconf 91' lang='lat' dir='ltr'>superiorem</span> <span class='ocrx_word' id='word_1_59' title='bbox 405 1251 531 1328; x_wconf 88' lang='lat' dir='ltr'>partem</span> <span class='ocrx_word' id='word_1_60' title='bbox 549 1242 698 1311; x_wconf 82' lang='lat' dir='ltr'>Ecclesia</span> <span class='ocrx_word' id='word_1_61' title='bbox 713 1245 833 1311; x_wconf 77' lang='lat' dir='ltr'>Sancte</span> <span class='ocrx_word' id='word_1_62' title='bbox 844 1241 973 1327; x_wconf 79' lang='lat' dir='ltr'>Crucis3</span> <span class='ocrx_word' id='word_1_63' title='bbox 990 1246 1023 1306; x_wconf 89' lang='lat' dir='ltr'>et</span> <span class='ocrx_word' id='word_1_64' title='bbox 1033 1239 1152 1308; x_wconf 87' lang='lat' dir='ltr'>deinde</span> 
     </span>
     <span class='ocr_line' id='line_1_9' title="bbox 42 1345 1151 1436; baseline -0.002 -21"><span class='ocrx_word' id='word_1_65' title='bbox 42 1348 188 1432; x_wconf 82' lang='lat' dir='ltr'>pergendo</span> <span class='ocrx_word' id='word_1_66' title='bbox 203 1369 263 1434; x_wconf 87' lang='lat' dir='ltr'>per</span> <span class='ocrx_word' id='word_1_67' title='bbox 279 1345 417 1418; x_wconf 87' lang='lat' dir='ltr'>eandem</span> <span class='ocrx_word' id='word_1_68' title='bbox 433 1349 476 1415; x_wconf 86' lang='lat' dir='ltr'>ad</span> <span class='ocrx_word' id='word_1_69' title='bbox 493 1355 613 1419; x_wconf 87' lang='lat' dir='ltr'>metam</span> <span class='ocrx_word' id='word_1_70' title='bbox 629 1351 760 1420; x_wconf 85' lang='lat' dir='ltr'>Andree</span> <span class='ocrx_word' id='word_1_71' title='bbox 776 1349 921 1436; x_wconf 83' lang='lat' dir='ltr'>Comitis,</span> <span class='ocrx_word' id='word_1_72' title='bbox 938 1356 971 1416; x_wconf 91' lang='lat' dir='ltr'>et</span> <span class='ocrx_word' id='word_1_73' title='bbox 987 1348 1032 1415; x_wconf 91' lang='lat' dir='ltr'>ibi</span> <span class='ocrx_word' id='word_1_74' title='bbox 1042 1348 1151 1414; x_wconf 78' lang='lat' dir='ltr'>Eccle-</span> 
     </span>
     <span class='ocr_line' id='line_1_10' title="bbox 43 1454 1151 1543; baseline 0 -21"><span class='ocrx_word' id='word_1_75' title='bbox 43 1454 83 1522; x_wconf 84' lang='lat' dir='ltr'>sia</span> <span class='ocrx_word' id='word_1_76' title='bbox 109 1454 203 1524; x_wconf 86' lang='lat' dir='ltr'>habet</span> <span class='ocrx_word' id='word_1_77' title='bbox 232 1456 377 1526; x_wconf 81' lang='lat' dir='ltr'>fanetum</span> <span class='ocrx_word' id='word_1_78' title='bbox 409 1460 579 1526; x_wconf 86' lang='lat' dir='ltr'>continens</span> <span class='ocrx_word' id='word_1_79' title='bbox 609 1461 735 1543; x_wconf 87' lang='lat' dir='ltr'>absque</span> <span class='ocrx_word' id='word_1_80' title='bbox 766 1457 880 1526; x_wconf 85' lang='lat' dir='ltr'>labore</span> <span class='ocrx_word' id='word_1_81' title='bbox 909 1456 992 1525; x_wconf 91' lang='lat' dir='ltr'>duos</span> <span class='ocrx_word' id='word_1_82' title='bbox 1018 1475 1151 1539; x_wconf 83' lang='lat' dir='ltr'>ourrns3</span> 
     </span>
     <span class='ocr_line' id='line_1_11' title="bbox 42 1561 1151 1634; baseline 0.003 -6"><span class='ocrx_word' id='word_1_83' title='bbox 42 1561 145 1630; x_wconf 83' lang='lat' dir='ltr'>ibidem</span> <span class='ocrx_word' id='word_1_84' title='bbox 176 1565 280 1632; x_wconf 85' lang='lat' dir='ltr'>eciam</span> <span class='ocrx_word' id='word_1_85' title='bbox 312 1564 396 1632; x_wconf 86' lang='lat' dir='ltr'>inter</span> <span class='ocrx_word' id='word_1_86' title='bbox 426 1563 649 1634; x_wconf 84' lang='lat' dir='ltr'>molendinum</span> <span class='ocrx_word' id='word_1_87' title='bbox 680 1567 800 1634; x_wconf 81' lang='lat' dir='ltr'>Sancte</span> <span class='ocrx_word' id='word_1_88' title='bbox 831 1565 944 1632; x_wconf 79' lang='lat' dir='ltr'>Crucis</span> <span class='ocrx_word' id='word_1_89' title='bbox 961 1571 994 1630; x_wconf 88' lang='lat' dir='ltr'>ot</span> <span class='ocrx_word' id='word_1_90' title='bbox 1023 1564 1151 1631; x_wconf 83' lang='lat' dir='ltr'>Andree</span> 
     </span>
     <span class='ocr_line' id='line_1_12' title="bbox 43 1667 1150 1757; baseline 0 -21"><span class='ocrx_word' id='word_1_91' title='bbox 43 1667 155 1740; x_wconf 81' lang='lat' dir='ltr'>domitis</span> <span class='ocrx_word' id='word_1_92' title='bbox 183 1671 291 1740; x_wconf 90' lang='lat' dir='ltr'>locum</span> <span class='ocrx_word' id='word_1_93' title='bbox 321 1672 498 1741; x_wconf 88' lang='lat' dir='ltr'>molendini</span> <span class='ocrx_word' id='word_1_94' title='bbox 528 1672 748 1742; x_wconf 86' lang='lat' dir='ltr'>concessimus</span> <span class='ocrx_word' id='word_1_95' title='bbox 788 1673 935 1742; x_wconf 78' lang='lat' dir='ltr'>Ecclesia</span> <span class='ocrx_word' id='word_1_96' title='bbox 968 1672 1008 1737; x_wconf 88' lang='lat' dir='ltr'>do</span> <span class='ocrx_word' id='word_1_97' title='bbox 1038 1671 1150 1757; x_wconf 87' lang='lat' dir='ltr'>Boyoh</span> 
     </span>
     <span class='ocr_line' id='line_1_13' title="bbox 44 1777 1150 1865; baseline 0.003 -24"><span class='ocrx_word' id='word_1_98' title='bbox 44 1777 202 1865; x_wconf 76' lang='lat' dir='ltr'>rntedmt03</span> <span class='ocrx_word' id='word_1_99' title='bbox 226 1778 349 1848; x_wconf 85' lang='lat' dir='ltr'>deinde</span> <span class='ocrx_word' id='word_1_100' title='bbox 363 1781 465 1848; x_wconf 87' lang='lat' dir='ltr'>eciam</span> <span class='ocrx_word' id='word_1_101' title='bbox 483 1779 598 1849; x_wconf 88' lang='lat' dir='ltr'>eadem</span> <span class='ocrx_word' id='word_1_102' title='bbox 624 1781 679 1848; x_wconf 90' lang='lat' dir='ltr'>uia</span> <span class='ocrx_word' id='word_1_103' title='bbox 711 1779 801 1849; x_wconf 89' lang='lat' dir='ltr'>uadit</span> <span class='ocrx_word' id='word_1_104' title='bbox 833 1780 877 1847; x_wconf 92' lang='lat' dir='ltr'>ad</span> <span class='ocrx_word' id='word_1_105' title='bbox 906 1778 1150 1846; x_wconf 78' lang='lat' dir='ltr'>meridionalem</span> 
     </span>
     <span class='ocr_line' id='line_1_14' title="bbox 43 1884 1152 1975; baseline 0 -25"><span class='ocrx_word' id='word_1_106' title='bbox 43 1892 148 1970; x_wconf 85' lang='lat' dir='ltr'>partem</span> <span class='ocrx_word' id='word_1_107' title='bbox 176 1894 253 1954; x_wconf 87' lang='lat' dir='ltr'>ante</span> <span class='ocrx_word' id='word_1_108' title='bbox 284 1893 413 1972; x_wconf 89' lang='lat' dir='ltr'>portam</span> <span class='ocrx_word' id='word_1_109' title='bbox 439 1889 527 1956; x_wconf 87' lang='lat' dir='ltr'>curie</span> <span class='ocrx_word' id='word_1_110' title='bbox 543 1889 687 1956; x_wconf 85' lang='lat' dir='ltr'>Ecclesie</span> <span class='ocrx_word' id='word_1_111' title='bbox 703 1889 744 1956; x_wconf 87' lang='lat' dir='ltr'>de</span> <span class='ocrx_word' id='word_1_112' title='bbox 760 1887 873 1975; x_wconf 84' lang='lat' dir='ltr'>Boyoh</span> <span class='ocrx_word' id='word_1_113' title='bbox 890 1885 1066 1953; x_wconf 86' lang='lat' dir='ltr'>antedicto.</span> <span class='ocrx_word' id='word_1_114' title='bbox 1082 1884 1152 1952; x_wconf 85' lang='lat' dir='ltr'>Hac</span> 
     </span>
     <span class='ocr_line' id='line_1_15' title="bbox 2 1992 1149 2080; baseline -0.001 -22"><span class='ocrx_word' id='word_1_115' title='bbox 2 2073 3 2080; x_wconf 6' lang='grc' dir='ltr'>ἵ</span> <span class='ocrx_word' id='word_1_116' title='bbox 44 1993 135 2058; x_wconf 90' lang='lat' dir='ltr'>omnia</span> <span class='ocrx_word' id='word_1_117' title='bbox 149 1992 190 2059; x_wconf 91' lang='lat' dir='ltr'>ob</span> <span class='ocrx_word' id='word_1_118' title='bbox 205 1997 344 2062; x_wconf 92' lang='lat' dir='ltr'>tutelam</span> <span class='ocrx_word' id='word_1_119' title='bbox 359 1993 475 2063; x_wconf 83' lang='lat' dir='ltr'>salutis</span> <span class='ocrx_word' id='word_1_120' title='bbox 490 1995 599 2064; x_wconf 91' lang='lat' dir='ltr'>anime</span> <span class='ocrx_word' id='word_1_121' title='bbox 615 2003 725 2064; x_wconf 74' lang='lat' dir='ltr'>nosne</span> <span class='ocrx_word' id='word_1_122' title='bbox 740 2005 773 2063; x_wconf 90' lang='lat' dir='ltr'>et</span> <span class='ocrx_word' id='word_1_123' title='bbox 791 2001 963 2080; x_wconf 85' lang='lat' dir='ltr'>parentum</span> <span class='ocrx_word' id='word_1_124' title='bbox 993 1997 1149 2072; x_wconf 90' lang='lat' dir='ltr'>nostrum,</span> 
     </span>
     <span class='ocr_line' id='line_1_16' title="bbox 45 2098 1151 2186; baseline 0.002 -22"><span class='ocrx_word' id='word_1_125' title='bbox 45 2101 118 2167; x_wconf 84' lang='lat' dir='ltr'>etad</span> <span class='ocrx_word' id='word_1_126' title='bbox 132 2102 320 2171; x_wconf 87' lang='lat' dir='ltr'>memoriam</span> <span class='ocrx_word' id='word_1_127' title='bbox 350 2121 571 2171; x_wconf 89' lang='lat' dir='ltr'>successorum</span> <span class='ocrx_word' id='word_1_128' title='bbox 602 2111 786 2171; x_wconf 90' lang='lat' dir='ltr'>nostrorum</span> <span class='ocrx_word' id='word_1_129' title='bbox 802 2100 959 2186; x_wconf 82' lang='lat' dir='ltr'>Ecclesijs</span> <span class='ocrx_word' id='word_1_130' title='bbox 975 2098 1151 2166; x_wconf 86' lang='lat' dir='ltr'>antedictis</span> 
     </span>
     <span class='ocr_line' id='line_1_17' title="bbox 44 2207 644 2298; baseline 0.003 -24"><span class='ocrx_word' id='word_1_131' title='bbox 44 2207 241 2278; x_wconf 86' lang='lat' dir='ltr'>ordinauimus</span> <span class='ocrx_word' id='word_1_132' title='bbox 257 2217 417 2298; x_wconf 87' lang='lat' dir='ltr'>perpetuo</span> <span class='ocrx_word' id='word_1_133' title='bbox 432 2209 644 2296; x_wconf 87' lang='lat' dir='ltr'>possidendo.</span> 
     </span>
    </p>
   </div>
   <div class='ocr_carea' id='block_1_3' title="bbox 46 2404 1150 2473">
    <p class='ocr_par' dir='ltr' id='par_1_3' title="bbox 46 2404 1150 2473">
     <span class='ocr_line' id='line_1_18' title="bbox 46 2404 1150 2473; baseline -0.004 -11"><span class='ocrx_word' id='word_1_134' title='bbox 46 2404 73 2462; x_wconf 80' lang='lat' dir='ltr'>d</span> <span class='ocrx_word' id='word_1_135' title='bbox 88 2407 240 2471; x_wconf 79' lang='lat' dir='ltr'>ptcsvtrsdi</span> <span class='ocrx_word' id='word_1_136' title='bbox 258 2408 440 2462; x_wconf 78' lang='lat' dir='ltr'>konnentnelr</span> <span class='ocrx_word' id='word_1_137' title='bbox 461 2413 537 2461; x_wconf 79' lang='lat'><strong>1289.</strong></span> <span class='ocrx_word' id='word_1_138' title='bbox 556 2409 638 2462; x_wconf 75' lang='lat' dir='ltr'>seret</span> <span class='ocrx_word' id='word_1_139' title='bbox 656 2407 769 2460; x_wconf 80' lang='lat' dir='ltr'>ktadott</span> <span class='ocrx_word' id='word_1_140' title='bbox 781 2407 946 2473; x_wconf 77' lang='lat' dir='ltr'>ttirattbtl,</span> <span class='ocrx_word' id='word_1_141' title='bbox 958 2407 1031 2460; x_wconf 91' lang='lat' dir='ltr'>mint</span> <span class='ocrx_word' id='word_1_142' title='bbox 1045 2407 1150 2471; x_wconf 78' lang='lat' dir='ltr'>altbb.)</span> 
     </span>
    </p>
   </div>
   <div class='ocr_carea' id='block_1_4' title="bbox 1 2685 4 3086">
    <p class='ocr_par' dir='ltr' id='par_1_4' title="bbox 1 2685 4 3086">
     <span class='ocr_line' id='line_1_19' title="bbox 1 2685 2 2740; baseline 0 0"><span class='ocrx_word' id='word_1_143' title='bbox 1 2685 2 2740; x_wconf 83' lang='lat' dir='ltr'>l</span> 
     </span>
     <span class='ocr_line' id='line_1_20' title="bbox 1 2931 4 2991; baseline 0 -72"><span class='ocrx_word' id='word_1_144' title='bbox 1 2931 4 2991; x_wconf 58' lang='lat'>,</span> 
     </span>
     <span class='ocr_line' id='line_1_21' title="bbox 2 3006 4 3086; baseline 0 0"><span class='ocrx_word' id='word_1_145' title='bbox 2 3006 4 3086; x_wconf 83' lang='lat' dir='ltr'>l</span> 
     </span>
    </p>
   </div>
   <div class='ocr_carea' id='block_1_5' title="bbox 550 3322 626 3390">
    <p class='ocr_par' dir='ltr' id='par_1_5' title="bbox 550 3322 626 3390">
     <span class='ocr_line' id='line_1_22' title="bbox 550 3322 626 3390; baseline 0 0"><span class='ocrx_word' id='word_1_146' title='bbox 550 3322 626 3390; x_wconf 76' lang='lat' dir='ltr'>ast.</span> 
     </span>
    </p>
   </div>
   <div class='ocr_carea' id='block_1_6' title="bbox 4 3507 1150 3806">
    <p class='ocr_par' dir='ltr' id='par_1_6' title="bbox 3 3445 1150 3806">
     <span class='ocr_line' id='line_1_23' title="bbox 45 3507 1150 3608; baseline 0.01 -31.561"><span class='ocrx_word' id='word_1_147' title='bbox 45 3507 62 3570; x_wconf 83' lang='lat' dir='ltr'><em>I</em></span> <span class='ocrx_word' id='word_1_148' title='bbox 67 3509 93 3576; x_wconf 86' lang='lat' dir='ltr'>V.</span> <span class='ocrx_word' id='word_1_149' title='bbox 107 3515 215 3582; x_wconf 65' lang='lat' dir='ltr'>Laudo</span> <span class='ocrx_word' id='word_1_150' title='bbox 229 3518 343 3604; x_wconf 73' lang='lat' dir='ltr'>kirtly</span> <span class='ocrx_word' id='word_1_151' title='bbox 358 3516 538 3604; x_wconf 79' lang='lat' dir='ltr'>mepordsita‘</span> <span class='ocrx_word' id='word_1_152' title='bbox 567 3521 625 3588; x_wconf 90' lang='lat' dir='ltr'>IV.</span> <span class='ocrx_word' id='word_1_153' title='bbox 656 3522 739 3590; x_wconf 66' lang='lat' dir='ltr'>Belo</span> <span class='ocrx_word' id='word_1_154' title='bbox 769 3522 945 3608; x_wconf 76' lang='lat' dir='ltr'>kirdlynulc</span> <span class='ocrx_word' id='word_1_155' title='bbox 978 3521 1150 3589; x_wconf 76' lang='lat' dir='ltr'>Kistotmd</span> 
     </span>
     <span class='ocr_line' id='line_1_24' title="bbox 47 3618 1149 3714; baseline 0.007 -26.7"><span class='ocrx_word' id='word_1_156' title='bbox 47 3618 177 3710; x_wconf 57' lang='lat' dir='ltr'>leprose</span> <span class='ocrx_word' id='word_1_157' title='bbox 202 3628 360 3713; x_wconf 73' lang='lat' dir='ltr'>tdrpyozd</span> <span class='ocrx_word' id='word_1_158' title='bbox 384 3627 584 3714; x_wconf 73' lang='lat' dir='ltr'>adeotdnydt</span> <span class='ocrx_word' id='word_1_159' title='bbox 613 3630 805 3698; x_wconf 79' lang='lat' dir='ltr'>Kiskoloodi</span> <span class='ocrx_word' id='word_1_160' title='bbox 834 3631 962 3697; x_wconf 71' lang='lat' dir='ltr'>Kos-oet</span> <span class='ocrx_word' id='word_1_161' title='bbox 991 3636 1149 3698; x_wconf 63' lang='lat' dir='ltr'>smmum.</span> 
     </span>
     <span class='ocr_line' id='line_1_25' title="bbox 4 3731 635 3806; baseline -0.006 0"><span class='ocrx_word' id='word_1_162' title='bbox 4 3731 6 3746; x_wconf 73' lang='grc'><em>’</em></span> <span class='ocrx_word' id='word_1_163' title='bbox 540 3735 635 3806; x_wconf 81' lang='lat'><strong><em>1282.</em></strong></span> 
     </span>
    </p>
   </div>
   <div class='ocr_carea' id='block_1_7' title="bbox 5 3925 1151 4868">
    <p class='ocr_par' dir='ltr' id='par_1_7' title="bbox 5 3925 1151 4868">
     <span class='ocr_line' id='line_1_26' title="bbox 5 3925 1148 4021; baseline 0.01 -32"><span class='ocrx_word' id='word_1_164' title='bbox 5 3937 6 3980; x_wconf 53' lang='grc' dir='ltr'><strong><em>ὲ</em></strong></span> <span class='ocrx_word' id='word_1_165' title='bbox 126 3925 298 3996; x_wconf 77' lang='lat' dir='ltr'>ladizlaus</span> <span class='ocrx_word' id='word_1_166' title='bbox 306 3929 367 3998; x_wconf 91' lang='lat' dir='ltr'>Dei</span> <span class='ocrx_word' id='word_1_167' title='bbox 378 3932 490 4015; x_wconf 83' lang='lat' dir='ltr'>gracia</span> <span class='ocrx_word' id='word_1_168' title='bbox 499 3931 678 4020; x_wconf 86' lang='lat' dir='ltr'>Hungaric,</span> <span class='ocrx_word' id='word_1_169' title='bbox 690 3933 869 4020; x_wconf 86' lang='lat' dir='ltr'>Dalmacio,</span> <span class='ocrx_word' id='word_1_170' title='bbox 881 3932 1026 4021; x_wconf 85' lang='lat' dir='ltr'>Grosoie,</span> <span class='ocrx_word' id='word_1_171' title='bbox 1037 3932 1148 4019; x_wconf 84' lang='lat' dir='ltr'>Rome,</span> 
     </span>
     <span class='ocr_line' id='line_1_27' title="bbox 5 4027 1148 4130; baseline 0.01 -35"><span class='ocrx_word' id='word_1_172' title='bbox 5 4089 6 4096; x_wconf 75' lang='grc'>,</span> <span class='ocrx_word' id='word_1_173' title='bbox 48 4027 150 4121; x_wconf 84' lang='lat' dir='ltr'>Seruis,</span> <span class='ocrx_word' id='word_1_174' title='bbox 166 4035 314 4124; x_wconf 74' lang='lat' dir='ltr'>euticie,</span> <span class='ocrx_word' id='word_1_175' title='bbox 331 4036 532 4130; x_wconf 87' lang='lat' dir='ltr'>Lodomerie,</span> <span class='ocrx_word' id='word_1_176' title='bbox 554 4040 721 4128; x_wconf 81' lang='lat' dir='ltr'>Cumanis,</span> <span class='ocrx_word' id='word_1_177' title='bbox 747 4042 966 4126; x_wconf 81' lang='lat' dir='ltr'>Bulgarieque</span> <span class='ocrx_word' id='word_1_178' title='bbox 983 4043 1052 4107; x_wconf 78' lang='lat' dir='ltr'>lter</span> <span class='ocrx_word' id='word_1_179' title='bbox 1083 4060 1148 4108; x_wconf 92' lang='lat' dir='ltr'>om·</span> 
     </span>
     <span class='ocr_line' id='line_1_28' title="bbox 47 4135 1149 4235; baseline 0.012 -34"><span class='ocrx_word' id='word_1_180' title='bbox 47 4135 125 4207; x_wconf 89' lang='lat' dir='ltr'>nibus</span> <span class='ocrx_word' id='word_1_181' title='bbox 140 4141 255 4214; x_wconf 79' lang='lat' dir='ltr'>Christi</span> <span class='ocrx_word' id='word_1_182' title='bbox 270 4144 422 4214; x_wconf 85' lang='lat' dir='ltr'>fidelibus</span> <span class='ocrx_word' id='word_1_183' title='bbox 437 4167 571 4234; x_wconf 87' lang='lat' dir='ltr'>presens</span> <span class='ocrx_word' id='word_1_184' title='bbox 602 4148 755 4235; x_wconf 88' lang='lat' dir='ltr'>scriptum</span> <span class='ocrx_word' id='word_1_185' title='bbox 787 4149 981 4235; x_wconf 87' lang='lat' dir='ltr'>inspecturis</span> <span class='ocrx_word' id='word_1_186' title='bbox 1013 4150 1149 4218; x_wconf 91' lang='lat' dir='ltr'>salutem</span> 
     </span>
     <span class='ocr_line' id='line_1_29' title="bbox 47 4238 1148 4344; baseline 0.014 -36"><span class='ocrx_word' id='word_1_187' title='bbox 47 4238 213 4317; x_wconf 72' lang='lat' dir='ltr'>nomnium</span> <span class='ocrx_word' id='word_1_188' title='bbox 229 4251 403 4320; x_wconf 89' lang='lat' dir='ltr'>saluatore.</span> <span class='ocrx_word' id='word_1_189' title='bbox 420 4252 472 4320; x_wconf 86' lang='lat' dir='ltr'>Ad</span> <span class='ocrx_word' id='word_1_190' title='bbox 499 4254 720 4324; x_wconf 81' lang='lat' dir='ltr'>uniuersorum</span> <span class='ocrx_word' id='word_1_191' title='bbox 750 4255 904 4323; x_wconf 87' lang='lat' dir='ltr'>noticiam</span> <span class='ocrx_word' id='word_1_192' title='bbox 936 4263 1046 4323; x_wconf 88' lang='lat' dir='ltr'>tenore</span> <span class='ocrx_word' id='word_1_193' title='bbox 1076 4277 1148 4344; x_wconf 90' lang='lat' dir='ltr'>pre-</span> 
     </span>
     <span class='ocr_line' id='line_1_30' title="bbox 48 4351 1151 4452; baseline 0.019 -41"><span class='ocrx_word' id='word_1_194' title='bbox 48 4351 173 4422; x_wconf 89' lang='lat' dir='ltr'>sencium</span> <span class='ocrx_word' id='word_1_195' title='bbox 186 4360 332 4427; x_wconf 84' lang='lat' dir='ltr'>volumus</span> <span class='ocrx_word' id='word_1_196' title='bbox 350 4362 530 4452; x_wconf 87' lang='lat' dir='ltr'>peruenire,</span> <span class='ocrx_word' id='word_1_197' title='bbox 562 4362 649 4449; x_wconf 91' lang='lat' dir='ltr'>quod</span> <span class='ocrx_word' id='word_1_198' title='bbox 665 4361 795 4432; x_wconf 89' lang='lat' dir='ltr'>Koroch</span> <span class='ocrx_word' id='word_1_199' title='bbox 811 4363 852 4431; x_wconf 90' lang='lat' dir='ltr'>de</span> <span class='ocrx_word' id='word_1_200' title='bbox 868 4363 1082 4451; x_wconf 78' lang='lat' dir='ltr'>Kyuslsolusd</span> <span class='ocrx_word' id='word_1_201' title='bbox 1106 4364 1151 4433; x_wconf 84' lang='lat' dir='ltr'>ad</span> 
     </span>
     <span class='ocr_line' id='line_1_31' title="bbox 50 4465 1149 4560; baseline 0.016 -38"><span class='ocrx_word' id='word_1_202' title='bbox 50 4465 172 4530; x_wconf 76' lang='lat' dir='ltr'>umnam</span> <span class='ocrx_word' id='word_1_203' title='bbox 208 4469 368 4538; x_wconf 83' lang='lat' dir='ltr'>accedens</span> <span class='ocrx_word' id='word_1_204' title='bbox 404 4471 607 4558; x_wconf 90' lang='lat' dir='ltr'>presencium</span> <span class='ocrx_word' id='word_1_205' title='bbox 638 4471 784 4539; x_wconf 84' lang='lat' dir='ltr'>exhibuit</span> <span class='ocrx_word' id='word_1_206' title='bbox 814 4472 909 4540; x_wconf 90' lang='lat' dir='ltr'>nobis</span> <span class='ocrx_word' id='word_1_207' title='bbox 940 4473 1149 4560; x_wconf 81' lang='lat' dir='ltr'>priuilegium</span> 
     </span>
     <span class='ocr_line' id='line_1_32' title="bbox 50 4559 1146 4666; baseline 0.013 -31"><span class='ocrx_word' id='word_1_208' title='bbox 50 4559 151 4636; x_wconf 84' lang='lat' dir='ltr'>domni</span> <span class='ocrx_word' id='word_1_209' title='bbox 166 4571 239 4643; x_wconf 90' lang='lat' dir='ltr'>Bele</span> <span class='ocrx_word' id='word_1_210' title='bbox 254 4579 309 4643; x_wconf 90' lang='lat' dir='ltr'>oui</span> <span class='ocrx_word' id='word_1_211' title='bbox 325 4579 427 4645; x_wconf 90' lang='lat' dir='ltr'>nostri</span> <span class='ocrx_word' id='word_1_212' title='bbox 443 4577 609 4648; x_wconf 82' lang='lat' dir='ltr'>karissimi</span> <span class='ocrx_word' id='word_1_213' title='bbox 624 4577 785 4664; x_wconf 87' lang='lat' dir='ltr'>quondam</span> <span class='ocrx_word' id='word_1_214' title='bbox 803 4577 936 4649; x_wconf 89' lang='lat' dir='ltr'>illustris</span> <span class='ocrx_word' id='word_1_215' title='bbox 952 4581 1051 4666; x_wconf 84' lang='lat' dir='ltr'>Regis</span> <span class='ocrx_word' id='word_1_216' title='bbox 1082 4582 1146 4649; x_wconf 88' lang='lat' dir='ltr'>Vn·</span> 
     </span>
     <span class='ocr_line' id='line_1_33' title="bbox 51 4673 1150 4775; baseline 0.005 -24"><span class='ocrx_word' id='word_1_217' title='bbox 51 4673 237 4751; x_wconf 72' lang='lat' dir='ltr'>emeterius</span> <span class='ocrx_word' id='word_1_218' title='bbox 254 4685 415 4770; x_wconf 86' lang='lat' dir='ltr'>memorie,</span> <span class='ocrx_word' id='word_1_219' title='bbox 431 4693 546 4774; x_wconf 88' lang='lat' dir='ltr'>petens</span> <span class='ocrx_word' id='word_1_220' title='bbox 562 4705 634 4754; x_wconf 90' lang='lat' dir='ltr'>cum</span> <span class='ocrx_word' id='word_1_221' title='bbox 650 4686 821 4774; x_wconf 86' lang='lat' dir='ltr'>instancia,</span> <span class='ocrx_word' id='word_1_222' title='bbox 850 4698 885 4756; x_wconf 85' lang='lat' dir='ltr'>rt</span> <span class='ocrx_word' id='word_1_223' title='bbox 909 4689 995 4758; x_wconf 88' lang='lat' dir='ltr'>idom</span> <span class='ocrx_word' id='word_1_224' title='bbox 1020 4691 1150 4775; x_wconf 81' lang='lat' dir='ltr'>priuile-</span> 
     </span>
     <span class='ocr_line' id='line_1_34' title="bbox 138 4801 1040 4868; baseline 0.011 -14"><span class='ocrx_word' id='word_1_225' title='bbox 138 4813 233 4858; x_wconf 80' lang='lat' dir='ltr'>ttormr.</span> <span class='ocrx_word' id='word_1_226' title='bbox 249 4819 332 4863; x_wconf 75' lang='lat' dir='ltr'>nnus.</span> <span class='ocrx_word' id='word_1_227' title='bbox 348 4821 418 4862; x_wconf 79' lang='lat' dir='ltr'>nrsr.</span> <span class='ocrx_word' id='word_1_228' title='bbox 436 4833 475 4844; x_wconf 95' lang='lat'>-</span> <span class='ocrx_word' id='word_1_229' title='bbox 493 4823 565 4862; x_wconf 81' lang='lat' dir='ltr'>nrrn.</span> <span class='ocrx_word' id='word_1_230' title='bbox 582 4823 650 4864; x_wconf 84' lang='lat' dir='ltr'>xxrr.</span> <span class='ocrx_word' id='word_1_231' title='bbox 998 4801 1040 4868; x_wconf 79' lang='grc'>23</span> 
     </span>
    </p>
   </div>
   <div class='ocr_carea' id='block_1_8' title="bbox 0 0 1556 5196">
    <p class='ocr_par' dir='ltr' id='par_1_8' title="bbox 0 0 1556 5196">
     <span class='ocr_line' id='line_1_35' title="bbox 0 0 1556 5196; baseline 0 0"><span class='ocrx_word' id='word_1_232' title='bbox 0 0 1556 5196; x_wconf 95' lang='lat' dir='ltr'> </span> 
     </span>
    </p>
   </div>
  </div>
 </body>
</html>
