3162 5200
911 977 983 1047 ltt.

1573 985 1578 1112 ,

356 1175 411 1244 ,Δ
432 1175 632 1264 pe'crcdradi
647 1175 839 1242 kocvmtaclr
868 1173 1148 1262 biaooyrdpleueie,
1179 1175 1262 1263 bopy
1288 1199 1309 1241 o
1339 1176 1512 1268 Nemplya'

378 1284 519 1350 acmessit
535 1284 567 1350 ds
582 1307 604 1348 a
628 1283 764 1368 Koozdy
789 1287 851 1348 ucir
878 1281 949 1348 t'o'bb
967 1283 1151 1369 jobbcippai
1179 1281 1330 1350 birtokulc
1360 1289 1512 1354 iuotdrcit

437 1391 605 1458 coloratos
622 1389 718 1457 &odic
733 1390 968 1474 komaujcroso
985 1389 1067 1456 oleat
1081 1391 1312 1477 aotttyoaalr.
1337 1393 1439 1462 1276.

688 1581 713 1648 G
928 1581 955 1648 B
1170 1585 1199 1652 A

487 1691 673 1760 Oenuentns
712 1691 900 1776 Monasterij
942 1690 1163 1762 waradiensis
1194 1693 1355 1762 uniuersis
1390 1694 1520 1764 Christi,

378 1798 528 1866 fidelibus
545 1798 750 1885 presentibus
767 1798 890 1882 pariter
905 1804 937 1864 et
952 1794 1068 1865 suturis
1084 1808 1251 1886 presentes
1260 1800 1392 1869 litteras
1403 1803 1507 1887 inspe-
1577 1807 1578 1884 ξ

380 1910 480 1976 cturis
495 1907 633 1976 salutem
650 1907 685 1972 in
701 1906 842 1974 Domino
858 1907 1100 1991 sempiternam.
1118 1908 1170 1974 Ad
1187 1910 1411 1978 uniuersorum
1430 1909 1508 1977 noti-
1576 1923 1578 1998 l

378 2015 464 2084 ciam
481 2023 592 2082 tenore
608 2013 811 2099 presencium
829 2013 978 2080 nolumus
995 2014 1176 2101 peruenire,
1192 2015 1277 2100 quod
1294 2015 1413 2084 Comes
1430 2017 1504 2083 Leo·
1575 2009 1578 2082 l

381 2123 505 2191 nardus
521 2120 719 2207 deNempty
746 2139 804 2206 pro
836 2119 1015 2205 Dominico,
1046 2121 1206 2207 Dyonlsio
1237 2130 1270 2189 et
1299 2123 1405 2193 Panlo
1436 2123 1505 2208 tilis
1575 2089 1578 2238 Ῑ

382 2229 534 2300 Berekun
551 2229 595 2295 de
611 2227 693 2294 uilla
709 2228 810 2311 Bona,
823 2225 1016 2312 jobngiones
1032 2229 1135 2296 Castri
1154 2231 1194 2299 de
1211 2231 1323 2296 Koazd
1339 2235 1384 2297 ab
1405 2231 1505 2297 altera
1576 2239 1578 2272 ²

382 2357 494 2406 coram
512 2336 604 2404 nobis
620 2334 834 2420 personaliter
850 2335 1015 2402 constituti
1039 2345 1276 2422 proposuerunt
1293 2362 1301 2405 :
1318 2338 1409 2422 quod
1439 2357 1504 2404 cum

380 2466 479 2533 super
495 2445 581 2512 facto
598 2443 766 2512 cniusdam
783 2445 941 2527 particule
958 2451 1041 2514 terre
1057 2445 1202 2530 ipsorum
1220 2447 1328 2513 Pousa
1345 2445 1504 2514 etPanlns

382 2555 415 2622 in
434 2561 520 2622 terra
537 2549 712 2637 Dominioi,
730 2549 878 2637 Dyooisij
898 2557 931 2617 et
947 2551 1041 2618 Pauli
1056 2551 1192 2619 filiorum
1203 2549 1504 2620 Comitisheonardi

384 2660 602 2750 predictorum
617 2658 709 2724 Bona
725 2663 851 2743 vocate,
885 2678 983 2742 quam
999 2657 1099 2742 ijdem
1114 2659 1172 2746 filij
1191 2659 1323 2727 Comitis
1348 2655 1503 2726 Leonardi

362 2791 423 2840 'ex
437 2768 542 2853 Regia
556 2764 735 2834 donacione
749 2765 926 2851 possident,
954 2766 1168 2833 communiter
1183 2765 1365 2851 existentis,
1399 2764 1503 2850 Koky-

380 2899 452 2968 nys,
469 2876 619 2943 Cholleus
636 2873 788 2956 comites,
806 2873 991 2957 Stephanus
1008 2872 1049 2941 de
1065 2873 1212 2960 Bolrona,
1230 2875 1347 2959 Pobor,
1365 2872 1501 2956 Bolosey

381 2987 423 3053 de
439 2986 568 3065 Peturd,
594 2991 625 3048 et
641 2982 853 3048 Sebastianus
869 2982 954 3048 filins
970 2981 1085 3064 Demo,
1118 2983 1151 3047 in
1166 2961 1240 3067 ipsa
1254 2981 1337 3048 uilla
1352 2984 1445 3048 Bora
1474 2982 1503 3046 iu
1574 3001 1577 3080 l

382 3091 557 3181 quindenis
575 3089 756 3158 residencic
772 3090 931 3158 exercitus
948 3090 1097 3158 arbitrari
1113 3088 1302 3159 debuissent
1326 3091 1414 3157 iuter
1441 3108 1503 3173 par·
1575 3087 1577 3144 l

381 3213 450 3286 tes3
474 3199 606 3266 tandem
623 3195 840 3263 mediantibus
856 3197 1009 3281 predictis
1038 3199 1190 3285 Bolosey,
1220 3197 1414 3265 Sebastiano
1443 3197 1504 3263 filio

381 3313 493 3396 Deme,
520 3303 734 3374 Chellerfilio
752 3305 893 3390 Mathey,
926 3311 958 3370 et
974 3305 1169 3372 Sebastiano
1200 3305 1267 3370 tilio
1301 3305 1418 3372 Jacobi
1449 3321 1501 3389 per

381 3418 471 3500 ipsas
488 3421 598 3499 partes
615 3412 658 3479 de
673 3411 742 3477 suis
758 3410 889 3476 arbitris
907 3408 948 3475 ad
965 3410 1135 3478 arbitrium
1151 3409 1337 3478 laciendum
1349 3411 1393 3476 ad
1404 3409 1503 3495 ipsam

382 3523 494 3591 villam
510 3522 600 3586 Bora
616 3517 776 3602 adductis,
801 3516 947 3601 ipsisque
962 3517 1209 3601 arbitrantibus,
1224 3517 1370 3603 predicte
1399 3525 1504 3603 partes

382 3633 417 3698 in
433 3630 533 3697 talem
549 3627 640 3713 pacis
657 3631 688 3694 et
704 3623 877 3692 concordie
887 3627 1040 3693 unionem
1052 3625 1270 3714 deuenissent,
1287 3634 1384 3714 prout
1393 3627 1503 3694 scriem

385 3741 394 3806 i
398 3741 489 3828 psius
505 3735 633 3819 arbitrij
650 3732 769 3799 factam
786 3753 845 3818 per
860 3734 998 3801 arbitros
1016 3731 1176 3818 predictos
1194 3735 1277 3802 inter
1292 3734 1384 3821 ipsas
1401 3739 1504 3818 partes

362 3866 480 3933 super
495 3843 658 3929 particula
673 3847 758 3908 terre
773 3839 919 3925 predicte
935 3840 968 3906 in
1001 3843 1116 3908 litteris
1148 3843 1352 3926 Preceptoris
1383 3842 1504 3909 Domus

382 3949 647 4033 MilicieTempli
674 3954 706 4015 et
736 3947 951 4034 predictorum
982 3949 1177 4019 arbitrorum
1211 3949 1338 4037 plenius
1369 3951 1504 4018 uidimus
1573 3963 1576 4048 l

383 4058 559 4140 contineri3
582 4058 666 4142 quod
683 4056 862 4142 predictam
880 4057 1071 4142 particulam
1089 4067 1172 4126 terre
1188 4059 1330 4145 ipsorum
1347 4060 1454 4125 Pausa
1475 4061 1504 4121 et
1569 4079 1576 4192 l

380 4168 501 4235 Paulus
519 4164 636 4250 prefati
652 4161 766 4230 arbitri
782 4171 975 4248 separantes
991 4185 1012 4232 a
1028 4172 1118 4232 terra
1134 4165 1296 4232 Dominici
1313 4173 1346 4232 et
1377 4181 1502 4232 suornm

380 4275 515 4342 fratrum
532 4271 749 4358 predictorum
766 4271 825 4337 sub
842 4270 939 4338 certis
956 4271 1050 4338 metis
1066 4270 1109 4337 ab
1141 4293 1205 4339 rna
1235 4275 1330 4358 parte
1359 4271 1502 4353 reliquis·
1575 4289 1576 4292 ¹

378 4384 452 4449 sent
466 4378 548 4466 ipsis
564 4379 673 4446 Ponsa
689 4383 721 4446 et
736 4377 857 4445 Paulus
876 4378 1116 4464 possidendum.
1156 4381 1241 4447 Mete
1266 4387 1372 4446 autem
1404 4377 1503 4462 ipsios

380 4488 539 4575 particule
555 4494 649 4571 terre,
682 4506 743 4572 que
761 4485 861 4554 cessit
877 4487 909 4552 in
927 4485 1112 4571 porcionem
1129 4487 1237 4556 Pousa
1254 4497 1286 4554 et
1300 4485 1420 4554 Paulus
1436 4502 1491 4572 pre

363 4593 550 4679 «dictorum,
583 4593 645 4660 hoc
658 4591 777 4662 ordine
792 4593 1033 4678 disiunguntur3
1065 4602 1161 4678 prout
1178 4593 1404 4662 distinociones
1419 4593 1503 4678 ipsa-
