3162 5200
755 311 913 412 Q

269 512 342 596 larij
360 510 468 578 dilecti
485 517 517 577 et
532 509 639 580 fidelis
654 507 756 578 nostri
772 529 858 576 anno
874 507 1005 576 Domini
1029 505 1266 576 M⁰GG⁰LXX⁰-
1290 517 1408 592 sexto,

268 619 373 706 Regni
388 628 496 688 antem
508 620 614 694 nostri
631 640 717 688 anno
735 620 858 705 quinto.

270 821 329 882 (IV.
361 821 462 874 Irtsnlb
494 821 648 886 kirtlynak
669 836 734 886 »per
753 835 852 872 manus
873 821 988 872 discreti
1008 819 1064 870 viri
1082 819 1276 871 Bartholomei
1294 821 1411 885 Propo-

270 910 415 975 Agriensis
433 912 499 962 sule
518 913 617 962 nostre
636 909 875 976 VieeOancellarij
897 910 995 961 dilecti
1024 911 1053 959 et
1080 909 1171 960 fidelis
1203 910 1292 960 nostri
1324 925 1412 961 anno

270 1001 385 1052 Domini
405 1001 622 1052 ΜῦΟΟθΙιΧΧΧο
641 1001 855 1064 quartodecimo
875 1000 1012 1051 kalendas
1031 999 1212 1064 Septembris,
1241 999 1412 1051 indiccione

271 1094 390 1142 octaua«
411 1093 525 1144 kiadott
544 1091 716 1156 megsrosttd
735 1091 1004 1156 privilegiumtbffl,
1036 1106 1054 1142 a
1072 1089 1261 1156 idmeltdstgd
1279 1091 1408 1155 herozeg

582 1181 741 1246 Bstthytni
760 1182 854 1233 caaltd
873 1180 1090 1244 tevelttraban.)
1230 1183 1237 1192 '

806 2143 880 2214 142.

276 2348 338 2413 IV.
354 2346 471 2415 Lctszlo
485 2347 662 2433 kirdlyuok
678 2369 735 2436 epp
751 2346 969 2433 moiombelyot
986 2371 1008 2411 u
1032 2343 1309 2434 Gyiopybsfoiyo'
1332 2348 1409 2414 met-

277 2457 341 2539 lctt,
359 2478 374 2518 s
391 2463 552 2541 upyuaott
567 2454 612 2520 50
626 2455 760 2541 boidayi
767 2451 986 2540 fdkibirtokot
1002 2455 1159 2540 teir-pyum
1175 2453 1363 2541 adomdayu
1381 2479 1406 2518 o

582 2562 680 2649 pydrr'
694 2563 816 2647 perpet
831 2565 993 2629 eadmero.
1012 2561 1107 2628 1276.

387 2755 562 2825 Ladizlaus
601 2757 664 2824 Dei
695 2760 808 2842 gracia
838 2758 1017 2844 Hungario,
1048 2757 1227 2844 Dalmacie‚
1261 2759 1407 2848 Oroatis,

278 2871 393 2951 Rome,
410 2865 533 2950 Seruis,
553 2864 697 2950 Gallicis,
716 2864 915 2950 Lodomerie‚
933 2865 1091 2934 Cumania
1106 2865 1324 2950 Bnlgarieqne
1338 2868 1409 2934 Rex

278 2975 440 3044 vniuersis
473 2974 595 3044 Christi
612 2974 763 3043 fidelibus
782 2981 950 3060 presentes
967 2975 1092 3044 litteras
1108 2974 1406 3060 inspectorissaiu·

279 3092 344 3152 tem
360 3083 393 3150 in
409 3081 548 3150 Domino
563 3083 804 3170 sempiternam.
820 3082 871 3150 Ad
887 3085 1109 3154 vniuersornm
1125 3083 1279 3152 noticiam
1294 3089 1408 3152 tenore

279 3191 480 3280 presenciam
496 3192 644 3260 volumus
660 3193 842 3279 peruenire,
875 3193 1059 3277 quodcum
1091 3192 1285 3261 venerabilis
1316 3199 1409 3280 pater

279 3299 458 3386 Dyonisius
474 3299 687 3368 miseracione
703 3299 825 3366 Dioina
842 3300 1023 3386 Episcopus
1048 3299 1234 3369 Jauriensis
1267 3300 1409 3368 dilectus

280 3415 313 3476 et
327 3406 433 3476 fidelis
448 3411 557 3474 noster
573 3407 606 3472 in
624 3407 764 3475 diuersis
781 3407 888 3492 Regni
905 3409 1008 3476 nostri
1024 3407 1171 3496 negooijs
1195 3409 1324 3476 fidelem
1350 3410 1410 3476 im-

284 3515 397 3601 pendit
414 3512 623 3598 famnlatnm3
648 3514 723 3581 licet
739 3515 864 3582 maiora
879 3519 1052 3600 mereatur,
1087 3523 1195 3583 tamen
1220 3519 1255 3584 in
1280 3517 1409 3602 aliqna-

282 3627 347 3690 lem
363 3620 575 3691 seruiciorum
591 3641 720 3689 suorum
737 3623 1075 3708 recompensacionem
1091 3643 1190 3689 vnum
1207 3624 1316 3692 locum
1342 3645 1411 3690 mo·

281 3730 406 3799 londini
421 3731 455 3797 in
471 3731 568 3799 fluuio
585 3730 733 3816 (iungas,
750 3737 782 3798 et
797 3751 896 3798 unam
911 3731 1106 3818 particulam
1122 3737 1206 3800 terre
1222 3731 1315 3800 iuxta
1332 3752 1413 3800 cun·

281 3839 355 3906 dcm
371 3837 504 3905 fluuium
521 3837 761 3922 quinquaginta
775 3838 890 3923 iugera
917 3839 1145 3924 continentem,
1178 3839 1264 3906 inter
1296 3837 1412 3907 villam

281 3947 499 4033 episcopalem
515 3945 657 4014 Sabaria
673 3952 831 4033 vocatam,
849 3951 881 4014 et
895 3947 982 4014 inter
1000 3945 1114 4015 villam
1129 3945 1246 4016 Zeleus
1272 3948 1414 4016 existen·

281 4065 357 4140 tem,
384 4054 438 4138 qui
454 4053 619 4138 quondam
650 4053 866 4122 castrensium
898 4061 1081 4123 nostrorum
1113 4056 1187 4142 fuit,
1218 4074 1304 4121 nunc
1334 4075 1415 4123 uero

281 4185 404 4233 naeuus
421 4170 453 4231 et
469 4163 672 4232 habitoribus
689 4163 873 4252 destitutus,
889 4164 994 4232 eidem
1008 4165 1094 4249 patri
1105 4164 1295 4252 venerabili,
1312 4169 1344 4232 et
1354 4185 1415 4251 per

282 4293 353 4339 eum
370 4272 532 4359 Episcopo
550 4279 581 4340 et
597 4272 811 4359 Episcopatui
827 4271 992 4341 Jauriensi
1025 4273 1184 4359 dedimus,
1217 4271 1415 4342 donauimus

282 4389 313 4448 et
330 4381 527 4450 contulimus
543 4381 613 4450 iure
629 4391 786 4468 perpetuo
819 4389 852 4450 et
883 4381 1140 4451 irreuooabiliter
1170 4380 1414 4468 possidendum.

283 4491 320 4556 ln
346 4489 436 4558 cuius
463 4492 508 4556 rei
533 4489 721 4559 memoriam
754 4497 787 4558 et
819 4499 1006 4580 perpetuam
1038 4489 1220 4578 firmitatem
1245 4499 1416 4575 presentes

283 4595 433 4666 dedimus
449 4599 574 4667 litteras
590 4598 694 4685 sigilii
708 4598 810 4668 nostri
836 4596 993 4668 autentici
1026 4595 1201 4670 munimine
1231 4597 1414 4668 roboratas.
