3142 5198
772 437 774 441 .
807 347 964 450 ..en

321 547 503 608 nostrorum
519 561 592 609 eum
609 545 759 620 omnibus
774 541 964 611 utilitatibus
981 543 1058 629 suis,
1076 541 1326 628 vineissoilieet,
1343 543 1442 630 siluis,

323 646 436 734 pratis,
465 650 723 736 circumstaneijs
749 658 782 718 et
812 651 1021 736 pertineneijs
1051 649 1221 735 uniuersis,
1253 670 1275 716 a
1305 657 1446 736 tempore

324 755 454 823 domine
470 755 511 823 M.
528 757 652 840 Regine
669 761 781 826 matris
799 765 908 826 nostre
925 756 1100 844 predileote
1117 757 1222 824 lelieis
1254 755 1448 825 reeordaeio

327 861 377 927 nis
393 883 452 948 per
468 861 618 931 diuersos
636 866 783 935 dominos
800 866 947 932 habitum
979 870 1011 932 et
1041 883 1238 951 possessum,
1271 871 1303 930 et
1335 864 1378 929 ab
1408 863 1450 929 eis

324 969 431 1056 uulpis
446 971 515 1038 suis
531 973 699 1058 amissum,
733 982 765 1039 et
781 973 823 1039 ad
841 975 968 1041 nostras
984 991 1100 1038 manus
1116 975 1225 1058 sepius
1256 971 1450 1058 deuolutnm,

328 1077 391 1162 ipsi
407 1077 563 1161 Magistro
578 1079 768 1166 Laureneio,
801 1087 835 1146 et
851 1099 908 1164 per
924 1099 996 1145 eum
1013 1077 1081 1144 suis
1099 1077 1271 1144 heredibus
1287 1076 1452 1146 heredum-

328 1205 392 1268 qne
410 1207 541 1254 suorum
557 1191 812 1276 suecessoribus,
829 1189 890 1256 sub
907 1187 1028 1254 eisdem
1047 1189 1142 1254 metis
1158 1195 1190 1253 et
1205 1185 1366 1272 terminis,
1389 1191 1452 1270 qui·

332 1297 391 1363 bus
409 1303 507 1362 antea
524 1296 629 1363 extitit
644 1295 805 1364 limitatus
822 1305 854 1364 et
869 1315 1052 1383 possessus,
1077 1293 1232 1380 dedimus,
1265 1296 1454 1363 donauimus

332 1411 364 1468 et
379 1403 573 1471 contulimus
591 1406 660 1471 iure
676 1412 831 1490 perpetuo
848 1404 982 1490 paoitioe
999 1410 1032 1470 et
1062 1402 1322 1471 irreuooabiliter
1355 1402 1453 1488 possi-

331 1509 483 1578 dendum.
509 1513 694 1600 (lassantes,
712 1513 883 1598 irritantes,
900 1517 1123 1597 retractantes,
1153 1519 1186 1577 et
1200 1511 1293 1578 irrita
1317 1531 1454 1595 pronun·

332 1619 456 1686 uiantes
473 1620 688 1689 instrumenta
720 1642 778 1690 seu
810 1619 997 1706 priuilegia,
1030 1639 1093 1702 que
1124 1639 1184 1704 per
1214 1639 1285 1704 nos,
1317 1618 1373 1684 uel
1404 1636 1455 1702 per

334 1727 530 1814 quempiam,
556 1748 656 1814 super
680 1729 771 1797 facto
802 1729 907 1815 ipsius
938 1728 1138 1814 Vyzuioatus
1169 1728 1320 1812 euiquam
1355 1733 1456 1793 essent

335 1843 496 1904 emanata
520 1836 556 1902 Iu
584 1837 673 1905 ouius
705 1837 751 1903 rei
784 1839 968 1903 memoriam
1001 1844 1252 1922 perpetuamque
1277 1833 1455 1899 firmitatem

336 1951 505 2026 presentes
521 1945 677 2028 Magistro
695 1943 873 2011 Laurenoio
899 1943 1116 2012 concessimus
1146 1944 1270 2008 litteras
1301 1941 1457 2027 dupplieis

338 2049 439 2132 sigilli
457 2053 554 2116 nostri
573 2052 745 2118 munimine
761 2053 941 2119 roboratas.
965 2053 1085 2117 Datum
1102 2069 1160 2134 per
1182 2069 1298 2116 manus
1329 2046 1458 2114 disereti

338 2155 400 2221 uiri
416 2157 566 2240 Magistri
582 2160 753 2247 Laureneij
772 2159 932 2246 Prepesiti
950 2159 992 2226 de
1007 2157 1145 2243 Posoga‚
1163 2157 1245 2223 Aule
1261 2164 1374 2222 nostre
1383 2155 1459 2222 Cau·

337 2263 473 2353 cellurij‚
498 2266 605 2334 fidelis
621 2269 733 2353 nostri,
766 2287 851 2334 anno
867 2265 1001 2333 Domini
1018 2262 1138 2332 ΜὈΟ0
1153 2264 1376 2348 nonagesimo.

340 2463 455 2522 (Robert
473 2465 579 2528 Karory
600 2465 749 2530 kirtlynak
771 2469 847 2514 1324.
867 2463 918 2512 Ill.
938 2461 999 2512 idus
1017 2460 1085 2524 blaij
1108 2460 1268 2511 »iohannes
1288 2459 1364 2508 tilius
1378 2455 1461 2522 bingi-

340 2555 391 2604 stri
411 2557 559 2620 Laureneij
579 2556 649 2606 dicti
668 2557 701 2606 de
720 2555 868 2618 Supremo,
887 2567 938 2616 pro
958 2567 985 2602 se
1005 2555 1033 2602 et
1052 2565 1101 2615 pro
1121 2551 1228 2601 daeobo
1247 2554 1276 2598 et
1295 2550 1383 2598 Petro
1410 2547 1461 2595 ira·

340 2646 429 2695 tribur
449 2648 504 2696 suis
521 2648 647 2709 uterinis,
666 2647 734 2696 item
754 2661 804 2710 pro
824 2646 907 2694 Petro
927 2643 985 2694 lilio
998 2641 1108 2694 Nicolai
1122 2641 1218 2692 fratris
1230 2641 1373 2703 ipsorum«
1388 2634 1461 2687 kere·

341 2737 400 2787 sere
420 2736 532 2787 kiadott
550 2733 719 2802 megsrbsitb
739 2733 997 2798 privilegiumabol,
1025 2733 1099 2794 mely
1121 2743 1286 2794 ugysnazon
1314 2723 1461 2789 kirrilynnk

345 2829 418 2876 1318.
440 2829 486 2876 IV.
507 2827 640 2876 kalendas
659 2825 766 2890 Aprilis
787 2825 945 2883 »Nicolaum
976 2823 1106 2881 lacobus,
1137 2821 1281 2870 lohannes
1310 2821 1339 2866 et
1371 2817 1461 2866 Petrus

344 2916 393 2979 iilij
413 2917 544 2980 Magistri
562 2915 711 2979 Laurenuij
731 2915 798 2963 dieti
819 2915 851 2962 ds
871 2912 1011 2975 Suprunio
1032 2911 1066 2961 de
1097 2922 1196 2974 genere
1228 2907 1306 2956 Aban
1339 2905 1462 2956 szrimdra

344 3006 454 3057 lrirrdott
473 3005 642 3070 megerosito
660 3003 881 3068 priuilegiumat
899 3003 922 3050 is
941 3001 1059 3066 ioglalja
1076 2998 1232 3064 magdbau3
1263 3012 1280 3046 a
1298 2996 1385 3046 budsi
1414 2993 1461 3043 kir.

523 3095 649 3146 kamarai
668 3092 844 3144 laveltarnak
863 3090 1030 3154 ngrs'rbban
1052 3089 1116 3140 levo
1134 3086 1287 3149 reszbben)

776 3373 1036 3388 *nn-—

1021 3533 1033 3564 δ

874 3801 951 3869 406.

350 4015 398 4072 Aa
415 4007 481 4092 epri
497 4005 722 4094 kdptalarmok
739 3984 1008 4087 dizorryeriplevele‚
1040 4003 1121 4085 bopy
1137 4021 1176 4062 oz
1198 3995 1298 4082 Uopi
1324 3997 1383 4057 oo'r
1407 3988 1471 4055 roob

341 4117 523 4202 jodddpyoi
542 4113 622 4180 Tiba
638 4113 788 4197 idpse'peu
801 4109 931 4176 elautus
949 4107 1060 4171 Endre
1086 4107 1119 4168 a's
1144 4103 1227 4169 Julo'
1252 4099 1470 4180 rnesterelmek,

670 4221 757 4287 Jubo
771 4240 870 4284 eomes
878 4215 1022 4300 flaioolr.
1056 4211 1153 4279 1290.

461 4416 618 4484 Omnibus
635 4413 756 4482 Christi
772 4411 922 4481 fidelibus
938 4416 1004 4477 tam
1020 4405 1228 4496 presentibus
1243 4424 1342 4490 quam
1362 4397 1472 4468 futuris

352 4545 485 4611 presens
510 4525 665 4610 seriptum
693 4521 886 4608 inspeeturis
918 4515 1101 4604 Capitulum
1133 4514 1280 4581 Ecclesie
1309 4505 1473 4595 Agrieusis

357 4637 495 4702 salutum
507 4633 540 4700 in
555 4631 696 4701 omnium
713 4630 888 4700 saluatore.
904 4625 957 4694 Ad
968 4627 1191 4696 uniuersorum
1202 4617 1353 4688 notioiam
1363 4619 1473 4685 harum
