3160 5200
881 1043 956 1114 tec.

350 1245 399 1312 Aa
430 1248 501 1332 apri
531 1216 757 1330 kdplnlcnnolc
772 1245 1042 1332 biaonyrdplecclc
1068 1246 1214 1330 bizoayoa
1239 1243 1472 1309 birtolcsererdl

350 1351 505 1437 Goymeri
521 1352 632 1418 Endre
650 1375 749 1418 eomes
758 1353 827 1434 fini
843 1356 876 1418 ds
893 1378 914 1419 c
941 1353 1088 1419 Marcili
1112 1351 1179 1415 kun
1212 1352 1380 1435 amutadp
1409 1350 1471 1414 toll

664 1460 842 1546 iren-eeztyc'u
858 1462 953 1546 topja
970 1462 1048 1525 toas.
1074 1460 1169 1524 1292.

456 1762 623 1832 Universis
640 1771 809 1849 presentes
824 1761 951 1831 litteras
975 1759 1170 1849 inspecturis
1200 1760 1387 1847 Capitulum
1417 1761 1469 1828 Eo

309 1907 313 1912 ·
348 1870 447 1942 clesic
477 1871 644 1958 mensis
662 1873 801 1940 salutem
817 1873 853 1937 in
869 1871 1008 1938 Domino
1023 1870 1266 1955 sempiternam.
1280 1869 1334 1934 Ad
1350 1870 1470 1936 vnioer·

348 2000 455 2048 sorum
472 1979 625 2047 noticiam
642 1986 753 2046 tenore
769 1979 970 2066 presencium
996 1978 1145 2045 nolumus
1176 1977 1373 2063 peruenire,
1390 1976 1469 2060 qnod

347 2087 504 2174 Magister
542 2086 691 2154 Andreas
731 2093 764 2152 et
794 2085 947 2154 Nicolans
988 2085 1048 2171 filij
1080 2085 1215 2152 Comitis
1255 2084 1388 2153 Andree
1415 2084 1468 2170 filij

349 2195 540 2264 loanceda
572 2195 714 2282 Goyman
746 2198 789 2262 ab
820 2215 885 2262 nna
914 2201 1017 2280 parte,
1046 2201 1077 2260 et
1107 2191 1222 2260 Peiros
1253 2193 1340 2260 filius
1369 2192 1469 2278 Belcr,

347 2303 499 2372 Koldech
530 2301 616 2370 tilius
649 2302 800 2391 Gyalma,
833 2323 872 2368 ac
905 2303 1037 2370 domina
1066 2299 1144 2372 dola
1168 2299 1284 2368 relicta
1300 2299 1468 2385 Onchmek,

346 2413 473 2482 habens
489 2431 598 2480 secum
616 2411 786 2496 paruolum
803 2411 903 2478 filiom
920 2431 1012 2478 sotim
1030 2410 1161 2478 nomine
1177 2410 1359 2495 Nicolaum,
1387 2409 1469 2476 ride

345 2521 423 2588 licet
454 2519 591 2587 (inmani
606 2520 783 2588 Christiani
807 2519 885 2587 dicti
901 2518 1116 2607 donemuth,
1132 2519 1263 2588 nominc
1280 2537 1339 2586 suo
1356 2525 1386 2584 et
1401 2517 1468 2584 vioe

346 2627 506 2696 iohannis
524 2626 580 2711 filij
597 2626 681 2715 Itelr,
700 2636 731 2695 et
748 2629 847 2714 Bytcr
863 2627 918 2713 filij
938 2613 1090 2696 Tenanuh
1110 2628 1151 2695 de
1166 2627 1265 2711 Thus,
1283 2638 1316 2692 et
1331 2624 1465 2694 omnium

347 2735 486 2805 aliorum
526 2743 736 2820 mgnumrum
778 2755 919 2823 suorum,
958 2738 1146 2804 absentium
1177 2736 1400 2819 Cumanorum,
1430 2753 1465 2800 ex

347 2851 443 2931 parte
460 2865 594 2929 quorum
610 2845 652 2912 ad
670 2843 730 2912 hoc
760 2845 882 2912 factum
913 2845 946 2910 in
979 2844 1092 2912 litteris
1125 2843 1268 2930 Capituli
1307 2842 1467 2927 Agriensis

346 2953 512 3021 habebant
541 2953 672 3038 plennnr
704 2952 902 3040 mandatnm,
933 2952 975 3020 ad
992 2960 1134 3022 nostram
1165 2949 1368 3037 presenciam
1382 2965 1465 3016 ecce·
1566 2999 1568 3044 ,

346 3061 460 3131 dentes
476 3061 644 3146 dixerunt;
669 3067 704 3128 nt
720 3060 859 3146 predicti
875 3062 1013 3129 Comani
1028 3068 1128 3128 terras
1144 3061 1216 3128 siue
1246 3058 1460 3144 possessiones
1566 3061 1568 3156 J

347 3188 468 3258 corum,
499 3170 542 3238 ad
572 3190 708 3256 presens
740 3191 861 3239 monas
892 3175 925 3237 et
954 3169 1192 3238 habitatoribus
1224 3168 1405 3248 destitutas,
1433 3165 1463 3231 in

348 3273 509 3343 domitato
540 3277 705 3346 Borsiensi
738 3276 923 3366 existentes,
955 3298 1039 3363 quas
1071 3295 1112 3344 ex
1142 3277 1325 3344 donacioue
1355 3273 1463 3342 domini

346 3383 425 3450 Belc
456 3384 553 3468 Regis
569 3384 685 3464 Quarti
702 3385 755 3471 pie
770 3387 924 3454 memorie
950 3387 1172 3473 possidebant,
1189 3383 1341 3453 videlicet
1355 3383 1461 3469 Kyser,

345 3492 481 3578 Borech,
496 3491 749 3578 Pathbantcluls,
764 3493 857 3582 Syllo,
874 3493 1010 3581 (lollius,
1027 3501 1058 3561 et
1073 3492 1239 3563 Weaeken
1257 3495 1463 3578 nuncupatus,

345 3606 377 3666 ot
392 3601 525 3669 terciam
558 3609 682 3687 partem
707 3611 792 3671 terre
806 3603 1024 3690 Rohosnycha
1035 3610 1159 3692 uocate,
1178 3601 1302 3670 eisdem
1317 3599 1464 3685 Magistro

347 3705 477 3777 Andree
493 3717 526 3778 et
553 3709 698 3790 Nicolao,
730 3719 763 3779 et
794 3731 904 3777 eorum
936 3711 1075 3798 posteris
1105 3712 1139 3778 in
1170 3710 1411 3796 permutacione
1437 3711 1465 3771 et

347 3818 538 3886 concambio
570 3825 729 3887 terrarum
743 3818 1024 3904 infrascriptarum
1045 3818 1211 3887 dedissent
1226 3824 1258 3885 et
1273 3816 1463 3898 statuissent,

347 3923 443 3992 simul
463 3943 533 3992 curn
551 3929 618 3993 suis
634 3925 829 3992 utilitatibus
844 3927 993 3994 omnibus
1024 3927 1057 3993 in
1089 3932 1279 4014 perpetuum
1312 3923 1465 4012 possiden·

348 4031 417 4116 das,
449 4029 665 4118 priuilegium
688 4033 832 4100 eiusdem
864 4033 986 4100 domini
1003 4034 1082 4101 Belo
1099 4034 1212 4119 Regis,
1228 4033 1320 4101 cuius
1337 4029 1463 4100 accinti

348 4149 416 4206 tute
432 4140 596 4225 predictos
612 4148 716 4208 terras
742 4143 908 4228 tenebant,
943 4142 1063 4209 eisdem
1096 4141 1253 4224 Magistro
1284 4140 1412 4206 Andros
1440 4143 1465 4202 et

347 4245 482 4314 Nicolao
509 4255 690 4334 spontanec
706 4267 813 4314 coram
830 4249 923 4316 nobis
939 4249 1137 4316 manualiter
1152 4247 1380 4332 assignantes;
1404 4251 1462 4311 ete

343 4375 500 4422 cumiuerso
515 4355 614 4441 ijdcm
632 4354 790 4439 Magister
806 4355 955 4425 Andreas
971 4363 1004 4422 ct
1020 4357 1178 4424 Nicolaos
1195 4353 1277 4422 duas
1296 4361 1397 4421 terres
1412 4370 1462 4418 sen

345 4463 567 4546 possessiones
580 4483 700 4549 corum,
718 4484 813 4530 vnam
826 4464 975 4531 videlicet
985 4467 1067 4531 Bosa
1079 4481 1174 4531 suam
1191 4462 1417 4532 hereditariam
1431 4457 1464 4523 do

344 4571 506 4638 Comitatu
524 4570 698 4654 Borsiensi,
726 4579 757 4638 et
789 4573 887 4638 aliam
921 4572 1023 4639 Balad
1054 4573 1095 4639 de
1127 4569 1290 4639 Comitatus
1320 4564 1461 4636 romensi

344 4697 435 4744 suam
469 4679 665 4766 empticium,
697 4679 810 4747 emtas
832 4681 949 4766 plenas
966 4680 1096 4768 populis
1113 4688 1145 4748 et
1163 4679 1314 4766 refertas,
1330 4686 1362 4748 et
1379 4675 1462 4746 certis
