3160 5200
329 991 573 1074 Birtokosztcily
590 990 727 1054 Lar-iace
743 987 920 1068 conaesfiar‘
936 990 967 1053 de
992 989 1122 1071 Miletos,
1154 989 1276 1055 Mitlo's
1301 995 1458 1059 eomeaaeh

750 1094 803 1175 fia
819 1094 902 1158 hbet.
929 1095 1025 1160 1296.

438 1287 469 1352 N
473 1307 508 1356 cs
542 1288 658 1354 Comes
690 1286 813 1373 Symon
831 1284 872 1352 de
888 1289 1020 1370 Rozgon
1040 1288 1146 1355 Jndex
1163 1291 1259 1357 Curio
1276 1291 1399 1357 domini
1415 1292 1459 1356 Si·

328 1395 493 1480 gismundi
508 1394 571 1461 Dei
587 1395 699 1479 gracia
713 1396 933 1461 Romanorum
958 1396 1058 1479 Regis
1089 1397 1222 1482 Semper
1252 1399 1405 1484 Augusti,
1421 1417 1459 1464 ac

328 1501 498 1586 Hungarie
529 1509 589 1568 etc.
606 1500 705 1584 Regis
721 1500 838 1567 damus
855 1520 913 1586 pro
929 1506 1093 1586 memoria,
1119 1503 1206 1586 quod
1220 1502 1405 1570 Pelhardus
1421 1505 1459 1570 de

327 1607 558 1676 Erdewthelek
573 1627 633 1691 pro
649 1608 751 1674 nobili
768 1607 900 1675 domina
916 1610 1011 1675 Anna
1027 1617 1144 1676 vocata
1168 1630 1243 1676 cum
1273 1618 1459 1695 procurato

295 1789 300 1797 ,
327 1718 388 1802 rijs
419 1715 537 1783 litteris
571 1713 714 1799 Capituli
744 1714 890 1782 Ecclesia
922 1715 1091 1800 Agricnsis
1109 1719 1169 1784 sth.
1187 1719 1222 1783 in
1241 1720 1374 1786 octauis
1389 1719 1459 1786 festi

327 1825 423 1892 Beati
438 1823 554 1893 Jacobi
585 1822 735 1907 Apostoli
751 1822 785 1888 iu
817 1823 921 1906 figura
955 1825 1057 1890 nostri
1088 1823 1207 1909 Judieij
1243 1823 1481 1909 comparendo·

327 1938 440 2000 eontra
470 1931 640 1999 Nicolaum
672 1937 704 1996 et
735 1929 934 2014 Stephanum
967 1930 1050 1996 tilios
1081 1933 1168 1998 Petri
1190 1932 1248 2016 filij
1265 1933 1403 2018 Kyliani
1420 1933 1459 1998 dc

325 2038 485 2127 hengeld,
502 2059 540 2107 ac
556 2039 693 2105 alterum
719 2037 920 2122 Stephanum
950 2038 1050 2106 fitium
1083 2039 1178 2106 Pauli
1209 2039 1251 2107 de
1283 2040 1411 2124 eadem,
1428 2048 1458 2107 et

325 2146 464 2216 Paulum
496 2144 598 2214 filium
614 2145 701 2212 Petri
716 2144 886 2228 Wayuode
913 2145 955 2212 de
971 2145 1077 2213 Vereb
1094 2149 1262 2231 proposuit
1279 2168 1318 2213 eo
1336 2147 1432 2214 modo
1449 2173 1456 2211 :

324 2253 412 2341 quod
426 2255 501 2338 ipsa
516 2252 648 2318 domina
663 2252 760 2319 Anna
776 2269 905 2318 consors
921 2271 982 2317 sua
997 2259 1083 2319 esset
1105 2252 1174 2318 fllia
1204 2252 1328 2337 prefati
1360 2253 1454 2319 Nico·

327 2363 369 2430 iai
384 2361 426 2427 dc
458 2357 578 2426 (tartha
608 2378 649 2424 ex
665 2358 768 2424 nobili
786 2355 917 2423 domina
933 2357 1100 2425 Elisabeth
1121 2363 1237 2425 vocata
1253 2357 1324 2423 filia
1341 2360 1457 2424 nubitis

321 2467 451 2536 domine
466 2465 559 2548 Baga
574 2471 701 2549 vocate,
716 2464 782 2531 filie
797 2464 957 2533 Johannis
974 2463 1030 2548 filij
1049 2463 1181 2529 Martini
1200 2463 1241 2530 de
1258 2463 1349 2531 diota
1376 2466 1457 2532 Len-

318 2574 396 2659 geld
425 2577 619 2659 propagata,
637 2571 830 2658 prefataquc
850 2571 982 2638 domina
996 2570 1145 2638 Etizahet
1161 2592 1228 2639 rna
1247 2592 1323 2640 cum
1342 2572 1458 2640 nobili-

320 2685 380 2750 bus
396 2679 590 2748 dominabus
606 2677 716 2746 Katha
731 2676 798 2744 iilia
814 2677 970 2763 Stephani
986 2677 1044 2762 filij
1063 2677 1195 2746 Martini
1231 2679 1275 2746 de
1311 2679 1460 2762 langeld

234 2797 239 2816 '
321 2788 357 2854 in
373 2785 533 2855 uniuersis
563 2786 689 2873 juribus
721 2785 987 2870 possessicnariis
1003 2786 1142 2853 condam
1159 2784 1281 2852 domini
1297 2785 1456 2870 Stephani

322 2894 475 2964 Custodia
491 2891 736 2978 Strigouiensis,
753 2901 785 2960 et
803 2893 935 2978 Georgij
965 2891 1114 2960 (tantoris
1145 2890 1316 2978 Agriensis
1349 2892 1456 2960 Ecele

321 3005 455 3087 siarum,
479 3021 539 3068 nec
555 3021 620 3068 non
636 3000 780 3086 religiosi
797 3003 858 3068 riri
875 3000 986 3068 fratris
1003 3000 1145 3068 himerici
1161 3001 1201 3067 de
1219 3000 1346 3071 Ordine
1362 3002 1461 3068 Here·

322 3113 472 3180 mitarum
488 3110 600 3177 Sancti
611 3107 704 3176 Pauli
715 3127 772 3194 per
783 3108 920 3177 condam
932 3109 1096 3176 dominum
1113 3110 1318 3177 Lodouicum
1338 3107 1457 3190 Regem

324 3223 358 3286 iu
374 3237 469 3287 veros
501 3217 636 3286 herenee
653 3224 686 3284 et
700 3218 864 3302 legitimos
894 3237 1097 3286 successores
1130 3217 1307 3286 earundem
1336 3215 1458 3285 domini

321 3325 484 3410 Stephani
500 3325 650 3392 Custodia
667 3325 910 3411 strigoniensis,
928 3332 961 3394 et
978 3326 1110 3411 Georgij
1128 3325 1288 3406 (tantoris,
1306 3345 1369 3392 nee
1394 3345 1457 3390 non

323 3432 435 3500 fratris
450 3433 589 3501 himerici
606 3435 752 3519 prefectu
772 3434 943 3520 extitisset,
961 3444 1049 3502 etex
1066 3455 1104 3502 eo
1121 3434 1194 3521 ipsa
1210 3433 1346 3501 domina
1362 3435 1458 3500 Anna

324 3540 366 3606 de
383 3540 641 3627 possessionibus
659 3541 807 3626 hengeld
833 3541 983 3629 predicta
1014 3561 1053 3608 ac
1083 3541 1215 3609 Bachon
1248 3548 1281 3606 et
1310 3537 1459 3607 Fanchal

324 3645 448 3714 vocans
479 3647 664 3734 porcionem
697 3669 770 3714 cum
802 3648 1009 3731 possessione
1040 3647 1159 3715 hahere
1189 3646 1332 3732 deberet,
1360 3665 1459 3729 quam

325 3753 480 3823 rehabere
523 3755 619 3822 vellet
649 3754 690 3822 ab
722 3755 864 3840 rtrisque
904 3754 1079 3840 Stephano,
1121 3753 1260 3821 Nicolao
1289 3761 1323 3819 et
1355 3752 1459 3818 Paulo

327 3862 509 3947 prenotatis
537 3862 610 3945 jure
643 3867 839 3946 exposcente
869 3863 931 3929 stb.
965 3859 1059 3948 (Erre
1074 3881 1113 3928 aa
1133 3858 1353 3947 eitenbesaed)
1373 3858 1461 3942 quud

327 3970 386 4036 hoc
403 3969 486 4036 bene
501 3987 611 4036 rerum
628 3969 720 4054 foret,
737 3978 771 4036 vt
788 3969 916 4053 prefata
933 3969 1064 4037 domina
1081 3968 1248 4036 Elisabeth
1273 3967 1342 4034 titia
1371 3968 1461 4034 dicte

326 4075 455 4143 domine
485 4078 588 4166 Raga,
620 4100 755 4150 unacum
784 4079 978 4164 pretitulatis
1005 4078 1170 4148 nubilibus
1188 4075 1381 4145 dominabus
1397 4075 1460 4143 Ka·

326 4183 396 4269 tha,
414 4183 574 4278 Kochyna
590 4192 622 4252 ct
637 4185 749 4272 Filena,
767 4185 896 4252 filiabus
913 4185 1035 4253 scilicet
1053 4184 1252 4271 prefatorum
1288 4181 1471 4270 Stephani,.

328 4291 454 4358 Thome
486 4299 517 4357 et
532 4292 692 4360 iohannis
725 4293 865 4358 fitiorum
882 4291 1015 4359 Martini
1031 4293 1064 4358 in
1080 4291 1280 4377 pretitulatis
1298 4291 1462 4358 uniuersis

326 4399 587 4483 possessionibus
606 4421 644 4468 ac
655 4401 784 4490 juribus
801 4401 1082 4487 possessionarijs,
1114 4398 1268 4468 videlicet
1300 4400 1463 4488 hengeld,
