3248 5206
929 441 950 504 u

382 635 574 705 exhibendis
606 655 752 706 oreseere
790 637 968 724 cupientes,
1008 657 1048 704 ee
1080 643 1224 704 nostram
1254 636 1515 706 munifioeneiem

378 744 651 831 interpretacione
668 745 855 828 largissima
872 743 1046 828 deuorare5
1071 744 1233 828 predictos
1249 744 1513 813 eondieionerios

378 854 420 921 de
435 853 509 938 ipso
524 852 603 918 nilla
629 851 721 937 Epei‚
752 853 834 920 siout
866 853 1002 919 eundem
1034 851 1150 919 villam
1182 851 1326 938 predicto
1359 851 1512 922 dedimus

381 961 544 1046 Cepitnlo,
578 961 624 1026 ita
640 960 770 1028 eosdem
786 960 1044 1028 eondieionorios
1060 980 1133 1026 oum
1149 961 1271 1028 eisdem
1298 961 1448 1028 seruioiis
1479 968 1514 1028 et

247 1137 257 1142 ,
382 1067 541 1155 oneribus,
557 1067 673 1152 quibus
689 1072 788 1135 entes
803 1067 947 1151 Regibus
962 1069 1145 1151 Hungerie,
1159 1067 1280 1135 nostris
1297 1067 1510 1152 progenitori-

383 1176 452 1259 bus,
475 1173 672 1260 sumebant,
688 1175 915 1242 concedendos
931 1175 1191 1242 irreuooebiliter
1207 1173 1357 1241 duximus
1388 1183 1421 1240 et
1454 1173 1510 1239 do-

383 1279 528 1365 nendos;
552 1283 833 1351 nonobstantibus
851 1285 968 1350 litteris
984 1283 1114 1371 nostris,
1139 1285 1168 1350 si
1185 1301 1267 1367 ques
1286 1282 1434 1349 iorsitem
1450 1281 1512 1347 eis·

383 1385 457 1452 dem
474 1386 726 1457 eondioionariis
741 1390 1012 1458 concessissemus
1024 1411 1124 1476 super
1134 1391 1276 1475 ipsorum
1290 1389 1512 1476 assumsisse,

384 1493 436 1560 uei
452 1514 512 1561 nos
528 1496 705 1564 eonoedere
722 1497 924 1583 contingeret
939 1497 972 1564 in
989 1499 1141 1566 futurum.
1181 1500 1223 1563 st
1238 1517 1298 1565 nos
1324 1517 1422 1582 snper
1447 1497 1510 1563 hoe

383 1600 447 1685 ipsi
475 1601 625 1688 Capitulo
659 1609 803 1674 nostrum
835 1605 1045 1689 priuilegium
1077 1604 1341 1689 eoncedorimus3
1367 1625 1437 1671 eum
1470 1604 1512 1670 ab

386 1708 499 1777 eodem
517 1710 673 1779 fuerimus
690 1709 845 1795 requisiti.
870 1715 989 1779 Datum
1007 1713 1040 1778 in
1057 1713 1170 1780 Insula
1193 1712 1344 1780 Helnnba
1359 1711 1413 1778 die
1438 1713 1512 1778 seb-

391 1817 459 1883 bsti
476 1824 549 1904 post
564 1819 680 1888 festum
696 1821 813 1889 Jeoobi
829 1820 989 1907 Apostoli,
1004 1842 1090 1888 enno
1115 1822 1246 1888 Domini
1273 1819 1503 1888 M⁰GG⁰LXX⁰

472 2019 524 2080 (An
538 2019 644 2070 eredeti
657 2019 726 2070 utun
739 2020 838 2073 Kneuz
850 2019 973 2083 Nindor,
986 2020 1106 2086 Msgyer
1119 2020 1187 2072 Sion
1198 2021 1251 2071 111.
1263 2021 1322 2072 ket.
1337 2023 1379 2071 60.
1396 2019 1427 2082 1)

822 2303 1077 2314 m

940 2837 973 2904 3.

399 3033 431 3100 ν.
455 3037 566 3102 osvo
588 3036 767 3122 osroenae
791 3060 812 3102 a
836 3033 1052 3121 eutramnus
1084 3037 1184 3102 onnes
1217 3037 1350 3120 Moerus,
1388 3035 1518 3104 Amore
1605 3006 1610 3015 '

390 3164 489 3209 eomes
505 3143 560 3226 fia
582 3141 724 3209 hirtoksit
755 3149 914 3231 tureyozo'
946 3145 1141 3228 odomooya,
1180 3145 1312 3230 Pouyoh
1350 3145 1414 3210 bein
1451 3152 1519 3212 szd·
1602 3147 1607 3159 “

841 3255 947 3321 mci-ra.
972 3252 1037 3316 127

498 3445 685 3528 Stephanus
717 3446 779 3512 Dei
811 3447 926 3530 grauia
957 3447 1132 3531 Hungsrie‚
1166 3446 1344 3531 Delmeoie,
1374 3445 1519 3529 Oroaoie,

394 3552 506 3636 Reme,
541 3549 665 3637 Seruio,
698 3548 846 3632 Gallicis,
879 3553 1079 3638 Lodomorie‚
1112 3553 1269 3620 Cumanis
1299 3552 1520 3638 Belgarieque

391 3657 460 3724 Rex
477 3657 627 3725 omnibns
644 3667 812 3744 presentes
828 3660 957 3728 littores
976 3660 1172 3746 inspecturis
1182 3661 1322 3728 salntem
1334 3662 1367 3726 in
1378 3665 1519 3727 omnium

393 3766 564 3835 saluatore.
589 3765 640 3833 Ad
657 3766 718 3835 hoo
744 3767 888 3851 Regibus
920 3766 1033 3835 mundi
1064 3788 1105 3836 ex
1136 3788 1278 3854 superna
1309 3768 1522 3853 prouideueie

392 3875 523 3958 gladius
553 3877 723 3961 potestatis
755 3875 850 3943 dotus
881 3881 940 3964 est,
972 3884 1008 3944 vt
1035 3881 1120 3944 mele
1152 3876 1282 3944 meritos
1300 3876 1517 3965 ulciscentem

391 3983 473 4064 illis
490 4004 576 4067 vero,
608 4005 687 4070 quos
718 3987 793 4054 iusti
825 3985 918 4068 vigor
949 3986 1110 4054 examinis
1142 3985 1259 4071 dignos
1283 3989 1397 4054 fauore
1414 3986 1521 4071 Regio

394 4091 636 4182 demonstrauit,
668 4114 708 4160 ue
738 4094 907 4161 fidelitatis
943 4095 1084 4162 seruicia
1116 4100 1268 4179 acceptos
1301 4093 1523 4178 reddiderunt,

394 4202 536 4269 debeant
552 4201 643 4267 iuxta
664 4201 779 4268 merita
810 4201 1016 4288 respondere.
1051 4201 1202 4270 Proinde
1224 4201 1266 4268 ed
1298 4204 1524 4270 uniuersorum

395 4307 547 4376 notioiam
579 4309 694 4376 harum
728 4311 810 4376 serie
828 4311 972 4378 volumus
987 4309 1170 4396 peruenire,
1188 4307 1276 4395 quod
1294 4329 1366 4376 oum
1384 4309 1525 4376 dilectus

395 4425 427 4484 et
442 4415 547 4486 fidelis
563 4425 673 4484 noster
694 4417 828 4500 Ponyoh
845 4417 955 4486 Bonus
973 4417 1015 4486 de
1045 4438 1166 4501 genere
1196 4417 1378 4505 Myskonoh
1409 4416 1528 4485 Comes

395 4523 602 4593 Zaladiensis
633 4531 778 4592 atenere
810 4525 988 4594 iuuentutis
1019 4541 1077 4594 sue
1092 4525 1199 4594 indole
1215 4525 1392 4612 primitius,
1419 4527 1526 4612 primo

397 4631 527 4700 domino
543 4631 625 4716 Regi
641 4631 814 4701 karissimo
831 4634 915 4720 parri
934 4641 1052 4722 nostro,
1069 4657 1107 4702 eo
1124 4635 1252 4702 demum
1278 4633 1373 4700 nobis
1390 4641 1423 4702 et
1438 4635 1527 4718 Reg-

398 4759 439 4807 no
470 4746 580 4809 nostro
611 4747 707 4826 grate
723 4749 756 4811 et
771 4743 960 4811 continuata
990 4741 1149 4812 fidelitate
1165 4741 1301 4827 seruiuit
1315 4741 1475 4830 insusse,
1493 4747 1528 4809 et
1607 4729 1612 4736 ’
