3102 5196
832 249 991 355 gec-

349 443 455 532 celigo
482 447 671 516 successim
695 444 904 517 Excellencie
935 446 1067 535 Regalis
1099 445 1294 518 donaciones
1326 447 1470 518 offuscare

354 551 468 622 nubilo
485 551 674 622 immemoris
689 553 809 644 soleat,
841 556 941 640 digne
956 577 996 624 ea
1012 555 1238 643 inscribuntur,
1254 576 1321 640 que
1337 555 1378 624 dc
1392 559 1471 640 Regi·

354 664 417 731 bus
434 661 653 731 conteruntur.
686 661 826 732 Proinde
856 662 900 732 ad
931 664 1154 734 uniuersorum
1183 665 1342 734 noticiam
1374 672 1472 735 tenue

354 769 560 854 presencium
577 770 725 838 uolumus
739 772 922 858 peruenire,
953 769 1040 858 quod
1055 774 1170 842 Petrus
1184 772 1298 840 Banus
1314 772 1400 840 iilius
1423 774 1472 840 (io-

355 877 443 946 mitis
459 875 631 945 Benedicti
646 873 786 947 dilectus
802 887 836 948 et
866 878 971 950 tidelis
1002 889 1113 949 noster
1142 878 1186 946 ad
1217 887 1366 948 nostram
1395 901 1473 951 aceo

350 984 460 1054 dendo
477 985 679 1070 presenciam
696 987 790 1057 nobis
807 987 991 1074 significare
1007 989 1140 1073 curauit,
1159 987 1245 1074 quod
1259 987 1402 1073 quodam
1413 1008 1473 1075 pos

347 1094 450 1164 sessio
465 1093 578 1180 anag
595 1101 727 1184 nocam,
760 1116 824 1180 que
839 1095 927 1184 olym
944 1097 1187 1184 progenitorum
1213 1116 1351 1166 suorum
1374 1096 1474 1184 lucret,

349 1205 391 1272 ab
408 1202 488 1289 ipsis
504 1223 569 1271 uon
587 1202 798 1288 exigentibus
815 1206 919 1292 culpis
949 1206 1030 1294 suis,
1062 1205 1119 1274 sed
1150 1204 1379 1292 potencialiter
1407 1205 1473 1274 alic·

347 1317 436 1396 nata,
454 1317 486 1380 et
496 1307 726 1397 jurisdiccicni
744 1310 878 1382 Comitis
894 1313 935 1382 de
951 1315 1083 1384 Βαηιιο,
1097 1313 1209 1382 dedite
1223 1314 1347 1384 fuisset
1361 1321 1393 1381 et
1406 1315 1469 1380 sub

354 1421 457 1506 iecta;
479 1426 593 1506 petens
609 1441 631 1488 a
646 1420 740 1489 nobis
756 1440 827 1488 oum
845 1421 1021 1506 instancia,
1054 1428 1088 1489 ut
1102 1419 1208 1508 ipsam
1239 1419 1467 1508 possessionen

350 1528 465 1614 Ouyag
481 1545 522 1595 ex
538 1527 766 1598 munificencia
779 1530 884 1616 Regia
900 1530 965 1598 sibi
982 1528 1119 1598 reddere
1134 1537 1167 1596 et
1182 1529 1355 1598 restituere
1369 1527 1470 1614 digna

349 1655 468 1720 remur.
492 1635 562 1705 Nos
577 1637 689 1722 itaque
705 1638 797 1706 cuius
815 1673 1155 1691 ——————
1170 1637 1350 1722 unicuique
1365 1638 1397 1703 in
1420 1657 1469 1706 suo

352 1744 423 1813 iure
439 1765 503 1812 non
521 1744 649 1830 deesse,
675 1753 707 1815 et
722 1746 907 1832 specialiter
922 1747 996 1837 hys,
1027 1767 1162 1833 quorum
1179 1753 1319 1833 experta
1335 1746 1467 1833 probino

352 1852 490 1939 insignit
505 1862 539 1922 et
553 1855 696 1940 extollit3
722 1856 938 1926 consideretis
953 1854 1102 1941 seruicijs
1126 1853 1233 1939 ipsius
1266 1853 1359 1920 Petri
1388 1853 1467 1939 bani,

355 1983 418 2048 qus
433 1963 527 2032 nobis
544 1963 578 2030 in
595 1962 743 2052 diuersis,
761 1972 794 2032 et
810 1964 959 2032 omnibus
974 1962 1236 2050 expedicionibus
1251 1963 1361 2046 Regni
1370 1959 1468 2042 nostri,

354 2071 508 2140 videlicet
524 2071 687 2142 intestinis
703 2077 736 2140 et
751 2072 950 2152 extrinsecis,
966 2072 1093 2140 corone
1108 2071 1209 2156 Regis
1233 2069 1463 2140 incommutabi·
1520 2060 1524 2069 '

353 2177 430 2247 liter
445 2179 631 2250 adherendo
649 2179 819 2268 impendit,
835 2186 868 2246 et
882 2179 1064 2265 specialiter
1079 2179 1113 2246 in
1124 2176 1466 2264 expugnacionecestu'

351 2285 554 2374 Zumbotbel,
571 2288 657 2373 quod
673 2295 770 2375 rupta
785 2307 869 2374 pace
884 2295 1070 2373 treugarum
1087 2294 1120 2356 et
1135 2286 1267 2356 uinculo
1284 2282 1465 2356 sedensue

351 2394 458 2462 soluto
474 2415 532 2481 per
546 2398 669 2482 Regem
685 2397 877 2466 Boemorurn
909 2396 1076 2462 inimicum
1107 2406 1252 2464 nostrum
1283 2398 1463 2479 occupatum

352 2498 470 2588 iuerat,
485 2502 541 2568 ubi
555 2501 670 2571 letalia
686 2502 817 2572 sustulit
836 2502 971 2571 uulnera
987 2502 1128 2570 fideliter
1144 2502 1361 2570 exhibitorum
1373 2496 1463 2587 (lgm

350 2607 564 2677 consideratis
581 2609 685 2679 eciam
702 2611 776 2701 hijs,
793 2632 856 2696 que
872 2612 906 2678 in
922 2609 1168 2697 compescendis
1184 2610 1316 2680 Oroatis
1332 2614 1364 2676 et
1377 2607 1463 2674 honi·

264 2805 269 2814 Ι
351 2717 444 2785 nibus
463 2716 722 2808 transdrauenis,
754 2719 809 2804 qui
825 2738 862 2786 se
877 2718 917 2785 de
927 2717 1164 2802 jurisdiocione
1180 2725 1292 2786 nostra
1326 2716 1463 2784 nolebant

350 2825 507 2912 alienare,
533 2826 624 2914 ipsos
639 2828 788 2912 potencie
806 2833 916 2895 nostro
932 2825 1116 2895 reducendo
1132 2830 1164 2893 et
1178 2823 1393 2909 restituendo,
1420 2841 1462 2888 eu·

349 2933 452 3002 ercuit
469 2937 501 3000 et
515 2933 685 3022 impendit.
700 2937 783 3004 Tam
798 2935 898 3020 igitur
913 2933 955 3002 ob
971 2933 1310 3020 recompensacionem
1328 2930 1461 3002 seruieio

349 3063 418 3110 rum
435 3041 537 3128 ipsius
552 3043 641 3111 Petri
657 3040 740 3110 Rani
757 3043 1008 3129 prescriptorum
1024 3041 1214 3110 stallorum
1245 3060 1346 3130 quam
1376 3037 1449 3125 pluri

347 3170 484 3232 morum,
501 3171 563 3235 que
579 3157 709 3239 propter
725 3154 776 3219 sui
794 3150 1030 3218 multitudinem
1049 3151 1182 3236 longum
1197 3155 1287 3220 esset
1301 3163 1459 3228 enarrare;
1515 3191 1519 3198 .

346 3265 378 3326 et
393 3259 440 3326 eoi
450 3276 503 3324 am
517 3261 652 3328 racione
675 3259 744 3346 illa,
776 3280 818 3328 ne
832 3258 868 3325 in
884 3258 1145 3345 possessionibus
1161 3257 1238 3326 clim
1254 3273 1316 3345 per
1331 3252 1461 3344 progeni·

345 3376 432 3438 tores
451 3389 529 3439 suos
542 3370 712 3458 possessis,
730 3375 762 3438 et
777 3369 985 3456 postmodum
1001 3367 1120 3439 coniti
1136 3369 1240 3436 Paulo
1255 3369 1342 3435 bone
1356 3383 1458 3434 meno·

345 3479 393 3546 rie
411 3477 502 3545 iratri
517 3497 576 3546 suo
593 3499 652 3564 per
665 3498 726 3545 nos
741 3477 883 3564 traditis,
901 3483 1092 3544 extraneum
1109 3474 1219 3545 doleat
1231 3491 1457 3562 possessorem:

343 3585 463 3654 dictam
481 3586 724 3673 possessionem
742 3585 855 3673 Ozyag
870 3583 933 3671 ipsi
946 3586 1042 3652 Petro
1055 3584 1147 3651 Bano
1156 3581 1366 3669 reddidimus,
1382 3576 1459 3648 resti·

350 3695 479 3780 tuimus,
495 3695 652 3780 dedimus,
667 3693 872 3780 donauimus,
899 3699 932 3760 et
948 3691 1150 3778 contulimus,
1183 3692 1254 3759 iure
1270 3691 1458 3779 perpetuast

348 3804 611 3873 inreuocabiliter
625 3801 864 3890 possidendam,
881 3801 1023 3870 cassatis
1038 3801 1187 3870 omnibus
1201 3800 1320 3869 litteris
1336 3794 1456 3885 etpriui·
1544 3871 1546 3890 Ι

342 3911 441 4000 legljs
457 3912 608 3998 cuiquam
623 3931 722 3998 super
738 3911 918 3979 collacione
933 3909 1022 3978 dicte
1038 3908 1256 3997 possessionis
1271 3907 1384 3994 Osyag
1395 3923 1456 3990 pro·
1543 3893 1546 3958 l

343 4027 392 4092 ter
407 4020 514 4108 ipsum
530 4022 659 4088 Petrum
676 4021 801 4088 Beuum
818 4019 906 4088 datis
922 4025 955 4086 et
971 4018 1154 4102 concessis;
1179 4023 1212 4085 et
1227 4017 1414 4102 ubicunque,
1428 4016 1455 4078 et
1544 4033 1546 4084 i

343 4151 403 4216 per
419 4150 642 4216 quemcunque
659 4130 802 4198 exhibite
817 4127 947 4215 fuerint,
974 4129 1099 4206 uiribus
1131 4133 1263 4196 careant
1294 4133 1327 4195 et
1357 4129 1456 4191 inanes
1544 4113 1546 4128 '

343 4237 535 4307 habeantur.
559 4239 599 4306 In
615 4238 707 4306 cuius
724 4239 771 4307 rei
787 4236 975 4307 memoriam
1005 4241 1259 4324 perpetuamque
1289 4233 1454 4301 firmitmm

345 4354 515 4433 presentes
545 4345 763 4416 concessimus
787 4345 916 4414 litteras
945 4343 1110 4432 dupplicis
1134 4339 1236 4429 sigilli
1254 4341 1354 4412 nosbl
1368 4334 1453 4408 nuni·

345 4455 433 4524 mine
447 4455 624 4524 roboratus
641 4456 763 4523 Datum
779 4473 836 4540 per
851 4473 965 4522 manus
981 4452 1115 4522 discreti
1131 4450 1193 4520 uiri
1209 4445 1452 4536 blagistribcbu
1544 4498 1546 4525 ,

347 4564 399 4636 uis
415 4561 498 4634 Aule
513 4570 623 4634 nostre
641 4559 914 4646 vicecancellarii·
930 4559 1041 4631 dilecti
1054 4565 1088 4630 ot
1111 4558 1218 4631 fidelis
1249 4560 1352 4629 nostri
1378 4572 1448 4626 auno

1544 4165 1546 4246 l

1542 4259 1546 4310 i

1541 4351 1546 4484 l
