3142 5198
871 309 1030 414 Q

385 533 428 580 ex
442 509 589 580 ueridica
605 511 767 580 relacione
781 511 943 580 lobannis
958 511 1107 600 Magistri
1124 514 1378 582 'l'auarnicoruro
1387 519 1497 582 nostru·

386 641 457 688 rum
476 617 611 688 Comitis
626 619 868 707 Suproniensis‚
899 627 932 688 et
947 617 1075 690 Nicolai
1091 619 1233 689 Palatini
1250 621 1383 688 Comitis
1407 621 1499 708 Symi·
1517 696 1524 707 ,

385 727 519 818 gicnsis,
535 726 726 795 dilectorum
743 735 776 798 et
791 727 933 796 fidelium
949 735 1142 815 nostrorum,
1158 735 1192 796 et
1207 727 1345 796 aliorum
1356 729 1498 796 nobilium

387 834 494 920 Regni
524 833 629 904 nostri
660 834 806 904 constitit
835 834 1020 904 manifeste.
1068 835 1218 904 Ceterum
1265 835 1500 904 succedentibus

387 941 491 1010 Nobis
505 940 627 1010 Diuino
642 960 776 1008 munere
790 941 823 1008 in
837 943 943 1028 Regni
958 941 1075 1011 solium
1092 950 1125 1010 et
1155 942 1413 1030 gubernaculum
1441 943 1500 1009 iure

387 1055 420 1116 et
435 1047 551 1117 ordino
566 1049 725 1134 genitore,
751 1069 823 1116 eum
839 1050 1013 1118 exercitum
1029 1057 1178 1140 nostrum
1204 1055 1317 1120 contra
1347 1052 1500 1119 Albertun

387 1155 513 1225 Ducem
528 1153 660 1224 Austris
674 1177 735 1243 pro
751 1157 871 1224 iniuria
886 1157 999 1242 Regno
1024 1165 1135 1225 nostro
1162 1177 1219 1243 per
1249 1158 1359 1244 ipsum
1391 1158 1499 1224 Ducem

386 1261 484 1331 illata
513 1260 768 1349 amouissemus3
791 1264 876 1332 idem
892 1264 1048 1350 Magister
1071 1264 1206 1352 Bychor
1236 1264 1389 1333 uirtutem
1421 1283 1499 1331 acon

388 1371 517 1438 mulans
536 1370 722 1453 virtutibus,
753 1371 788 1438 in
805 1372 1050 1458 expugnacione
1066 1373 1164 1441 castri
1181 1371 1260 1440 dicti
1276 1371 1378 1440 Ducis
1406 1373 1498 1438 Beros

388 1480 506 1568 uocati,
522 1479 607 1566 quod
623 1481 733 1548 labore
750 1489 931 1551 nostrorum
956 1481 1101 1550 fidelium
1126 1489 1160 1549 ct
1189 1480 1276 1548 bello
1308 1479 1497 1566 optinuimus,

388 1589 452 1658 duo
467 1588 648 1658 seruientes
663 1589 768 1674 ipsius
784 1591 846 1658 sub
863 1587 975 1657 eodem
991 1598 1095 1658 castro
1112 1587 1292 1659 extiterunt
1321 1585 1497 1674 interempti.
1518 1674 1523 1685 ι

387 1696 426 1764 ln
464 1696 803 1783 recompensacionem
834 1697 1044 1766 seruiciorum
1074 1698 1178 1784 ipsius
1209 1697 1362 1783 Magistri
1392 1693 1496 1762 Biohou

387 1803 518 1873 domino
534 1803 701 1891 Stephano
719 1811 751 1872 et
766 1806 925 1874 Ladialao
941 1805 1083 1890 Regibus
1097 1805 1278 1892 Huugarie‚
1310 1803 1495 1892 predecesso-

388 1912 476 1983 ribus
491 1913 610 1981 nostrin
626 1913 768 1982 ielicium
784 1913 1057 2002 recordacionum‚
1087 1921 1120 1979 et
1144 1915 1259 1998 Regno
1291 1911 1445 1998 primitus,
1471 1914 1496 1974 et

389 2019 517 2089 demum
532 2021 638 2106 nobis,
662 2027 697 2090 vt
713 2020 927 2108 premisimus,
953 2022 1181 2107 impensorum,
1212 2027 1244 2088 et
1260 2020 1400 2089 aliorum
1415 2034 1495 2103 quau

390 2129 599 2212 plurimorum
614 2129 709 2199 hellis
725 2129 912 2198 intrinsecis
927 2135 960 2195 et
975 2128 1165 2197 extrinsecis
1189 2126 1415 2211 exhibitorum,
1438 2122 1495 2188 licet

390 2253 495 2322 parua
510 2253 568 2320 pro
585 2239 723 2325 magnis,
753 2234 915 2307 modicum
932 2257 990 2323 pro
1005 2236 1156 2305 maximis
1182 2237 1293 2304 iacere
1326 2231 1493 2310 videamur;

390 2340 557 2427 quandam
571 2343 683 2410 villam
702 2344 808 2414 essuri
824 2344 934 2413 Ferrei
950 2344 1165 2413 Zoruushond
1181 2349 1334 2411 vocatam
1350 2340 1436 2407 iuxta
1448 2333 1492 2399 lu·
1538 2369 1539 2372 ¹

390 2447 479 2515 ulum
494 2449 586 2517 Baba
602 2453 801 2534 existentem,
819 2471 892 2520 cum
909 2452 1057 2521 omnibus
1072 2450 1270 2520 utilitatibus
1298 2454 1331 2517 et
1355 2443 1493 2532 pertinen·
1538 2483 1539 2506 2

388 2555 450 2641 cijs
464 2555 532 2625 suis
547 2559 717 2646 uniuersis,
734 2580 790 2646 per
806 2560 972 2628 dominum
988 2561 1109 2646 Regem
1125 2557 1330 2646 Stephanum
1346 2555 1385 2623 ob
1400 2548 1494 2618 merita

389 2663 597 2733 seruiciorum
614 2687 745 2734 suorum
761 2670 866 2736 eidem
882 2670 1046 2756 collatam,
1064 2674 1098 2734 et
1114 2685 1213 2753 usque
1229 2666 1273 2733 ad
1291 2665 1354 2732 bce
1370 2669 1492 2744 tempus

389 2787 585 2863 possessam,
601 2774 707 2844 eidem
723 2775 880 2862 Magistro
896 2775 1029 2863 Bichov,
1047 2783 1080 2843 et
1095 2795 1153 2862 per
1168 2794 1240 2842 eum
1250 2765 1491 2845 suishereiibu,

389 2881 606 2969 heredumque
636 2903 766 2954 suorum
798 2885 1039 2954 successoribus
1069 2881 1267 2969 reliquimus,
1302 2875 1492 2948 dedimusut

390 2990 583 3059 contulimus
601 2991 672 3060 iure
687 3004 844 3080 perpetuo
859 2990 1089 3077 possidendam
1107 2998 1139 3059 et
1154 2989 1353 3074 habendum,
1378 2981 1432 3051 sub
1444 2975 1491 3044 eiu

390 3095 465 3163 dem
480 3096 574 3166 metis
590 3104 624 3164 et
639 3095 783 3165 terminis
800 3097 953 3186 antiquis,
986 3097 1103 3181 quibus
1118 3094 1231 3164 eadem
1257 3093 1341 3162 villu
1370 3091 1491 3159 Zorwos

389 3203 478 3271 luend
495 3204 645 3290 primitus
661 3203 774 3273 habita
790 3205 969 3272 dinoscitur
984 3212 1017 3272 et
1031 3224 1191 3290 possessa.
1214 3203 1288 3269 Non
1306 3201 1442 3269 obstante
1454 3207 1491 3269 ⁰⁰2

389 3311 478 3396 qnod
493 3311 701 3399 priuilegium
733 3311 855 3380 domini
886 3312 1044 3397 Stephani
1073 3313 1174 3397 Regis
1205 3329 1305 3396 super
1335 3301 1491 3374 collacione

389 3417 497 3505 priore
512 3419 588 3486 ville
604 3419 825 3488 Zorwoskend
841 3421 874 3488 in
891 3419 1111 3508 oocupacione
1126 3419 1226 3488 castri
1241 3415 1346 3503 ipsius
1361 3401 1491 3492 Magistri

388 3527 532 3616 Bychor,
547 3535 582 3595 vt
598 3528 790 3615 premissum
806 3534 866 3617 cst,
897 3529 940 3596 sit
953 3534 1120 3615 receptum
1137 3533 1170 3594 et
1184 3523 1359 3606 amissum
1382 3535 1445 3584 cum
1459 3507 1491 3628 dt

390 3635 563 3704 emissione
576 3637 822 3724 priuilegiorum
836 3657 966 3705 suorum
983 3658 1043 3724 per
1057 3634 1244 3722 Capitulum
1271 3628 1377 3699 castri
1398 3621 1491 3689 Ferret

389 3742 572 3813 Beronibus
588 3751 619 3813 et
635 3744 806 3813 Nobilibus
823 3743 926 3830 Regni
943 3747 1047 3812 nostri
1061 3741 1239 3812 constiterit
1254 3737 1428 3807 manifeste.
1460 3723 1490 3789 11¹

389 3851 481 3920 cuins
497 3854 545 3920 rei
561 3853 748 3921 memoriam
766 3858 1020 3938 perpetuamque
1036 3850 1219 3919 firmitatem
1244 3851 1403 3935 presentes
1430 3850 1489 3902 00¹1·

388 3959 544 4030 cessimus
560 3961 662 4047 sigilli
678 3962 781 4028 nostri
798 3960 975 4028 munimine
990 3949 1168 4028 roboratas.
1184 3960 1304 4025 Datum
1321 3971 1377 4041 per
1391 3957 1487 4012 manu

387 4067 519 4136 discreti
534 4069 596 4137 viri
611 4070 759 4155 Magistri
784 4068 947 4136 Theodori
978 4067 1132 4136 Albensis
1163 4063 1309 4133 Ecclesia
1338 4047 1486 4141 Prepotffiu

386 4176 471 4244 Aule
485 4184 595 4246 nostre
611 4176 884 4262 vicecancellarii
902 4175 1013 4245 dilecti
1029 4182 1062 4245 et
1076 4174 1185 4243 tidelis
1201 4173 1313 4252 nostri,
1336 4181 1417 4236 anno
1436 4158 1486 4225 Ill·
1539 4267 1540 4270 Ἴ

387 4284 465 4352 mimi
480 4285 531 4352 M⁰
546 4285 766 4353 ducentesimo
782 4283 993 4371 nonagesimo
1009 4283 1122 4369 primo,
1219 4319 1221 4324 ·

389 4413 531 4474 (Eredetie
561 4415 745 4480 burhartytn,
776 4415 906 4480 melynelr
938 4414 1090 4466 verbs-lurik
1121 4409 1355 4479 selyenuzsinbrcn
1392 4393 1484 4461 filimi

388 4503 509 4571 pecse'tJe
528 4505 683 4570 eluesaettp
710 4505 851 4557 afemelt.
872 4505 992 4570 herczeg
1009 4504 1166 4570 Battbyu'uni
1185 4499 1282 4553 csalad
1298 4478 1482 4548 reveteretur-l
