3160 5200
570 341 729 445 -.m-

80 532 229 602 Fanehal
261 533 434 602 etBathon
465 533 663 616 prefatorum
696 533 856 620 Stephani
888 516 1057 624 Custodia
1081 539 1221 630 Georgii

83 639 234 707 Crantoris
251 646 285 708 et
298 641 407 706 fratris
423 639 560 704 Emerisi
577 638 739 723 heremite,
755 639 888 707 fratrum
906 647 1021 727 utputa
1038 649 1215 716 earundem

11 809 14 824 ,
84 746 287 813 dominarum
319 747 353 812 in
369 765 463 814 ueros
496 744 631 812 heredes
663 750 695 811 et
728 746 889 828 legitimos
920 769 1126 818 successores
1158 773 1216 834 per

85 854 191 938 ipsum
209 855 346 920 condam
363 851 527 919 dominum
544 853 740 918 Lodouioum
764 854 885 935 Regem
917 853 1062 939 prefecto
1095 859 1215 926 extitis-

83 967 153 1044 set;
175 959 234 1026 sed
266 959 379 1025 eadem
400 957 534 1024 domina
564 956 733 1025 Elizabeth
750 966 852 1024 mater
866 961 1014 1026 annotati
1030 961 1159 1029 Nicolai
1174 965 1215 1031 de
1313 1017 1321 1040 .

85 1065 205 1132 thba
222 1086 284 1132 uon
302 1065 486 1146 extitisset3
511 1085 586 1130 nam
604 1064 717 1131 eudem
734 1065 865 1131 domina
880 1065 1049 1133 Elisabeth
1078 1069 1214 1134 condam

83 1173 215 1238 Andree
247 1172 287 1240 de
304 1211 347 1221 -
367 1211 403 1220 -
424 1169 612 1237 antbreuew
628 1171 750 1238 tradita
767 1171 882 1239 fuisset
898 1174 931 1238 in
948 1181 1142 1257 consortem,
1161 1177 1215 1242 rbi

88 1279 201 1348 uadem
217 1277 351 1346 domina
365 1279 437 1344 sine
455 1276 599 1362 prolibus
617 1297 657 1343 ex
674 1276 734 1343 hoo
751 1279 860 1346 seculo
878 1280 1019 1363 migrata
1035 1280 1217 1367 extitisset3

88 1397 120 1452 et
152 1405 192 1452 ex
223 1407 262 1454 eo
293 1385 397 1453 eidem
431 1385 560 1451 domiue
577 1387 668 1452 Anne
688 1384 779 1451 nulla
795 1386 907 1472 poroio
919 1388 962 1454 de
978 1387 1072 1454 dietis
1089 1408 1217 1473 posses·

86 1494 231 1561 sionibus
249 1492 418 1558 deberetur
443 1491 505 1556 slb.
523 1491 768 1577 (Bizonyltelutl
799 1513 837 1558 az
869 1492 1038 1579 alperesek
1070 1493 1128 1561 hat
1159 1495 1217 1564 ok-

88 1604 203 1688 mainyt
232 1597 361 1664 hoznak
391 1595 451 1682 iel)
485 1616 582 1662 vnam
598 1598 734 1681 predicti
752 1597 889 1665 condam
906 1599 1015 1666 Bothk
1032 1599 1093 1667 sub
1109 1599 1216 1681 sigillo

91 1707 236 1792 Capitoli
252 1706 423 1790 agriensis
438 1725 523 1773 anno
540 1704 668 1770 Domini
701 1705 872 1772 millesimo
904 1706 1130 1773 ducentesimo
1160 1709 1216 1774 tri-

88 1817 210 1882 cesimo
241 1815 345 1900 primo
376 1811 626 1897 priuilegialiter
659 1810 848 1896 confestam,
879 1819 912 1878 et
937 1813 1034 1878 aliam
1069 1814 1215 1880 elausaur

88 1925 159 1991 sine
172 1922 261 1988 titulo
278 1927 463 1986 emanatam
480 1921 540 1986 stb.
559 1921 735 1985 Exteriore
761 1920 895 1987 alterius
926 1918 1113 1988 earumdem
1145 1921 1218 1987 sine

88 2031 182 2097 titnlo
212 2029 312 2095 tercio
342 2027 396 2094 dle
413 2027 647 2111 quindenarum
680 2028 867 2094 Natiuitatis
883 2028 1015 2096 Domini
1032 2049 1119 2096 auno
1135 2031 1220 2097 eius·

90 2141 163 2206 dem
204 2136 372 2204 millesimo
413 2134 633 2204 diruentesimo
675 2137 884 2220 nonagesimo
924 2147 1015 2204 sexto
1056 2144 1216 2224 emanata,

89 2246 246 2314 Comitem
278 2245 429 2329 Ohamaz,
460 2241 654 2327 Johannem,
686 2243 796 2328 Zepod
827 2252 859 2310 et
875 2242 1104 2330 Theopoldum
1134 2245 1219 2311 filios

90 2353 224 2420 Comitis
239 2350 423 2435 Laurenoij,
456 2373 520 2417 vua
554 2369 624 2415 oum
651 2351 795 2429 ,Nicolao
826 2349 894 2416 filio
925 2350 1059 2418 Comitis
1089 2350 1217 2418 Nioolai

1 2503 2 2506 =
91 2462 193 2528 fratre
224 2480 344 2543 eorum,
375 2459 407 2524 in
425 2477 532 2524 eorum
576 2456 837 2543 possessionibus
868 2460 971 2543 lwan,
986 2459 1130 2547 Dorogb,
1146 2458 1220 2524 We·

91 2572 198 2640 seken
215 2589 253 2636 ae
270 2568 384 2654 Pyros,
400 2564 579 2634 Emberesd
595 2573 628 2632 et
642 2565 904 2636 Homolrthereue
928 2567 1052 2634 vocatis
1083 2565 1219 2634 interae

91 2677 288 2744 diuisionem
321 2673 503 2741 celebrasse
534 2673 596 2740 stb.
630 2674 854 2760 reperiebatur
884 2674 944 2740 stb.
960 2673 1082 2740 Datum
1098 2673 1132 2739 in
1150 2673 1219 2740 Vis·

3 2803 5 2864 ζ
91 2784 215 2869 segrad
232 2782 482 2866 quadragesimo
501 2781 553 2847 die
586 2789 772 2849 octonarum
805 2782 897 2848 Beati
926 2781 1041 2848 Jaoobi
1072 2780 1222 2864 Apostoli

90 2913 178 2960 anno
194 2890 323 2958 Domini
339 2886 512 2957 M⁰OCOO⁰
527 2888 628 2955 tercio
645 2888 778 2956 decimo.

200 3087 339 3149 (Ererletie
358 3087 542 3150 bonhartyan,
574 3101 591 3136 a
608 3088 694 3138 burlai
711 3087 765 3138 kin.
784 3087 900 3136 kamere
919 3085 1113 3147 leveltarban.)
