3160 5200
877 949 952 1016 tos.

211 1164 212 1172 ¹
345 1141 408 1210 ΙΙΙ.
433 1143 544 1208 Endro
569 1145 750 1232 kirrilpnolr
774 1147 926 1212 rendelctc
951 1171 972 1212 a
995 1147 1097 1215 dadai
1128 1151 1354 1237 triplatam,
1387 1157 1462 1240 lopy

348 1251 462 1316 oleret
484 1251 644 1338 helpadpet,
667 1255 776 1338 melyet
803 1253 886 1319 Crat
900 1256 1132 1342 nemzetaeiydeli
1147 1255 1258 1323 Eodre
1274 1281 1372 1326 comes
1390 1259 1464 1324 Sen-

501 1359 562 1426 dot·
586 1361 741 1426 comesset
764 1361 894 1447 elodott,
918 1365 1012 1426 camel
1036 1364 1205 1450 stotndlja.
1230 1367 1326 1430 1295.

452 1554 600 1622 Andreas
615 1553 676 1620 Dei
694 1554 804 1636 gracia
819 1555 887 1622 Rex
903 1555 1069 1641 Hungarie
1079 1557 1228 1626 fidelibus
1240 1559 1308 1626 sois
1319 1559 1460 1646 Capitale

343 1663 491 1730 Ecclesia
506 1660 669 1728 Budensis
684 1662 823 1728 salutem
842 1671 874 1729 st
889 1663 1041 1746 graciam.
1078 1666 1201 1732 Dicunt
1231 1666 1325 1734 nobis
1355 1667 1463 1733 Gomon

343 1770 491 1838 Andreas
507 1769 594 1836 iilius
610 1765 764 1854 Adryani,
780 1773 812 1836 ct
826 1771 941 1837 Petrus
958 1789 997 1836 ac
1012 1771 1179 1840 lohannes
1190 1774 1251 1858 filij
1268 1776 1320 1840 sui
1336 1774 1377 1840 de
1392 1771 1466 1840 Sed·

220 1905 225 1910 ·
345 1879 435 1967 thwy
451 1879 491 1946 de
507 1896 627 1962 genere
642 1875 765 1961 Chosis,
782 1877 870 1960 quod
886 1897 959 1945 cum
975 1880 1046 1963 ipse
1062 1880 1185 1948 scilicet
1197 1882 1314 1948 Comes
1324 1881 1462 1948 Andreas

345 2007 403 2073 per
419 1983 608 2068 Magistrum
626 1980 825 2068 Stephanum
841 1984 944 2050 lilium
960 1985 1098 2072 Marcus,
1130 1986 1342 2054 fortissimum
1373 1986 1462 2052 tiran-

345 2111 421 2159 num
436 2089 540 2174 Regni
555 2091 659 2157 noemi
674 2096 800 2178 captus,
834 2098 867 2157 et
882 2092 915 2156 in
932 2111 993 2159 sua
1008 2091 1196 2179 captiuitate
1212 2114 1276 2160 non
1293 2113 1352 2178 per
1375 2090 1470 2158 modi·-

347 2221 419 2269 cum
436 2205 562 2284 tempus
577 2196 692 2264 luisset
708 2197 868 2286 detentos,
884 2205 917 2266 et
932 2218 990 2285 per
1005 2219 1098 2267 suam
1111 2201 1274 2286 propriam
1286 2197 1462 2267 facultatem

344 2329 380 2376 sc
396 2307 554 2374 redimere
570 2304 780 2392 naquioisset,
811 2326 833 2371 a
847 2307 970 2373 Comite
986 2305 1112 2372 Sandcr
1126 2306 1194 2372 lilio
1213 2305 1322 2392 Egidij
1349 2306 1465 2374 Castel-

344 2417 420 2480 lano
435 2417 546 2478 nostro
563 2410 603 2477 ds
618 2413 732 2480 Jenew
747 2421 885 2496 cognato
901 2433 960 2481 suo
987 2419 1094 2482 mutuo
1125 2415 1304 2500 recepisset
1336 2413 1467 2498 quodm-

348 2520 441 2603 ginta
456 2537 584 2586 marcas
598 2517 653 2583 fini
670 2521 808 2607 argenti,
841 2520 936 2589 etsie
953 2541 1010 2606 per
1026 2522 1163 2590 eundem
1181 2521 1313 2605 abipsa
1339 2520 1464 2606 captiui·

346 2633 414 2692 tate
431 2623 545 2692 luisset
561 2626 727 2694 absolutus
744 2634 775 2692 et
790 2627 955 2694 liberatus.
990 2627 1070 2696 Com
1101 2635 1209 2694 antem
1242 2625 1329 2692 idem
1362 2628 1467 2692 comm

347 2733 476 2801 Saodor
492 2751 583 2800 suam
599 2733 765 2818 pecrruiam
783 2732 986 2816 prehabitnm
1003 2735 1067 2803 sibi
1081 2732 1174 2802 reddi
1190 2739 1224 2800 ct
1239 2734 1367 2800 restitui
1383 2733 1420 2797 de
1435 2749 1465 2796 se

348 2843 556 2930 postulasset,
572 2848 704 2926 propter
719 2859 810 2906 suam
828 2841 971 2926 inopiam
989 2847 1021 2907 et
1037 2846 1217 2925 egestatem
1234 2839 1297 2906 sibi
1310 2840 1475 2906 imminere
1558 2881 1560 2932 3

348 2959 413 3018 tem
429 2948 565 3014 reddere
580 2947 787 3030 requisisset.
820 2947 858 3012 In
875 2948 965 3014 onius
980 2948 1080 3031 igitur
1097 2947 1231 3032 pecunie
1247 2963 1465 3032 recompensa·
1558 2955 1560 3024 ξ

353 3057 478 3124 cionem
495 3061 528 3120 et
544 3052 803 3120 satisfaccionem
820 3054 986 3136 quandam
1003 3053 1242 3138 possessionem
1260 3072 1354 3120 suam
1369 3049 1472 3118 lrlnrul·
1558 3075 1560 3136 5

352 3169 500 3229 uocatam
518 3180 590 3227 oum
606 3158 753 3228 omnibus
770 3161 962 3227 utilitatibus
979 3161 1047 3227 sois
1063 3161 1181 3227 vellent
1198 3158 1342 3227 vendere
1357 3166 1388 3226 et
1401 3177 1467 3243 per·
1558 3145 1560 3244 l

349 3277 486 3356 potuere
503 3265 606 3334 eidem
624 3265 742 3331 Comiti
758 3265 885 3332 Sandor
900 3264 1143 3350 possidendam.
1179 3266 1282 3350 Super
1298 3286 1362 3350 quo
1378 3262 1467 3331 fideli·

349 3375 408 3444 tari
423 3377 530 3440 vestre
548 3373 763 3458 precipientes
780 3371 893 3440 domus
908 3373 1040 3438 firmiter
1057 3373 1089 3436 in
1116 3370 1289 3449 mandatis,
1315 3379 1468 3456 quatenus

351 3487 492 3550 vestrum
507 3479 641 3545 mittatis
658 3479 818 3547 hominem
837 3479 984 3548 idoneum
1002 3501 1060 3566 pro
1071 3479 1253 3547 testimonio
1265 3475 1475 3565 fidedignum,

353 3612 416 3674 ‹puo
433 3593 582 3673 presente
599 3587 797 3654 Larrrencios
814 3588 900 3655 filius
926 3585 1044 3664 Bacch,
1076 3586 1128 3653 rel
1159 3585 1346 3670 Stephanos
1373 3585 1469 3652 irater

353 3697 442 3783 Belo,
475 3695 577 3760 altero
593 3695 727 3761 absente
744 3695 838 3759 homo
855 3705 971 3780 nostor,
1003 3694 1190 3759 conuocatis
1206 3693 1370 3758 viciniset
1394 3711 1470 3759 oom-

353 3802 510 3872 metaneis
527 3800 681 3887 eiusdem,
713 3823 753 3866 ao
772 3797 934 3868 nobilibus
960 3798 1296 3884 comprouincialibus,
1329 3819 1389 3865 noc
1414 3817 1471 3863 non

351 3909 580 3998 jobagionibus
597 3903 819 3975 Cosirinostri
847 3907 945 3976 Bekis
977 3907 1146 3990 uniuersis,
1176 3908 1209 3972 in
1241 3905 1295 3971 die
1329 3905 1474 4008 Cinctum

352 4020 499 4106 proxime
514 4034 597 4080 nunc
615 4023 750 4080 venturo
767 4017 809 4080 ad
827 4015 941 4080 faciem
959 4011 1101 4102 predicte
1126 4011 1344 4095 possessionis
1376 4009 1474 4074 llorol

352 4126 499 4208 ascedat,
514 4143 552 4200 ac
568 4123 647 4206 ipsis
663 4122 875 4208 presentibus,
904 4120 1037 4189 eandem
1070 4138 1129 4203 per
1159 4124 1285 4184 veteres
1317 4123 1419 4184 metas
1448 4121 1477 4178 et

356 4235 508 4316 antiquas
524 4227 766 4311 reambulanoo
793 4228 875 4294 sciat
892 4227 933 4292 ab
951 4226 1071 4292 eisdem
1090 4223 1258 4290 nobilibus
1274 4221 1479 4307 supradictis,

357 4353 389 4411 et
406 4339 548 4423 inquirat
562 4335 777 4400 omnimodam
796 4335 977 4418 veritatem,
996 4340 1098 4398 virum
1118 4331 1190 4416 ipsa
1205 4329 1372 4414 possessio
1384 4323 1486 4396 numi

360 4452 461 4538 ipsius
479 4442 605 4510 Audree
622 4449 654 4507 ot
684 4442 827 4506 filiorum
851 4460 981 4507 suornm
1007 4423 1241 4504 antedictorum
1275 4437 1406 4521 existat,
1437 4432 1485 4500 rel

363 4559 460 4640 digno
478 4550 583 4634 ipsam
602 4547 739 4615 rendere
757 4546 878 4632 possint
895 4567 952 4612 neo
968 4565 1019 4612 ne.
1044 4545 1084 4612 nt
1099 4544 1126 4610 si
1144 4543 1250 4629 ipsam
1268 4543 1429 4625 pertinere
1444 4535 1483 4605 sd
