<?xml version="1.0" encoding="UTF-8"?>
<!DOCTYPE html PUBLIC "-//W3C//DTD XHTML 1.0 Transitional//EN"
    "http://www.w3.org/TR/xhtml1/DTD/xhtml1-transitional.dtd">
<html xmlns="http://www.w3.org/1999/xhtml" xml:lang="en" lang="en">
 <head>
  <title>
</title>
<meta http-equiv="Content-Type" content="text/html;charset=utf-8" />
  <meta name='ocr-system' content='tesseract 3.04.00' />
  <meta name='ocr-capabilities' content='ocr_page ocr_carea ocr_par ocr_line ocrx_word'/>
</head>
<body>
  <div class='ocr_page' id='page_1' title='image "./codexdiplomatic00wenzgoog_0133.png"; bbox 0 0 3190 5190; ppageno 0'>
   <div class='ocr_carea' id='block_1_1' title="bbox 580 455 739 554">
    <p class='ocr_par' dir='ltr' id='par_1_1' title="bbox 580 455 739 554">
     <span class='ocr_line' id='line_1_1' title="bbox 580 455 739 554; baseline 0 -33"><span class='ocrx_word' id='word_1_1' title='bbox 580 455 739 554; x_wconf 37' lang='lat' dir='ltr'><strong>*aa*</strong></span> 
     </span>
    </p>
   </div>
   <div class='ocr_carea' id='block_1_2' title="bbox 12 645 1225 854">
    <p class='ocr_par' dir='ltr' id='par_1_2' title="bbox 12 645 1225 854">
     <span class='ocr_line' id='line_1_2' title="bbox 109 645 1222 734; baseline 0.001 -18"><span class='ocrx_word' id='word_1_2' title='bbox 109 649 197 734; x_wconf 85' lang='lat' dir='ltr'><strong>digus</strong></span> <span class='ocrx_word' id='word_1_3' title='bbox 211 649 430 715; x_wconf 79' lang='lat' dir='ltr'><strong>retribucionis</strong></span> <span class='ocrx_word' id='word_1_4' title='bbox 446 647 603 716; x_wconf 90' lang='lat' dir='ltr'><strong>beneficio</strong></span> <span class='ocrx_word' id='word_1_5' title='bbox 619 648 792 733; x_wconf 74' lang='lat' dir='ltr'><strong>refocillat,</strong></span> <span class='ocrx_word' id='word_1_6' title='bbox 810 645 886 714; x_wconf 89' lang='lat' dir='ltr'><strong>dum</strong></span> <span class='ocrx_word' id='word_1_7' title='bbox 903 648 951 715; x_wconf 91' lang='lat' dir='ltr'><strong>eis</strong></span> <span class='ocrx_word' id='word_1_8' title='bbox 981 648 1120 733; x_wconf 85' lang='lat' dir='ltr'><strong>largitur</strong></span> <span class='ocrx_word' id='word_1_9' title='bbox 1137 651 1222 734; x_wconf 91' lang='lat' dir='ltr'><strong>quod</strong></span> 
     </span>
     <span class='ocr_line' id='line_1_3' title="bbox 12 754 1225 854; baseline 0.003 -32"><span class='ocrx_word' id='word_1_10' title='bbox 12 835 14 854; x_wconf 21' lang='grc' dir='ltr'><strong><em>ἶ</em></strong></span> <span class='ocrx_word' id='word_1_11' title='bbox 109 765 267 842; x_wconf 89' lang='lat' dir='ltr'><strong>merentur,</strong></span> <span class='ocrx_word' id='word_1_12' title='bbox 282 758 454 824; x_wconf 86' lang='lat' dir='ltr'><strong>multorum</strong></span> <span class='ocrx_word' id='word_1_13' title='bbox 469 763 596 823; x_wconf 87' lang='lat' dir='ltr'><strong>mentes</strong></span> <span class='ocrx_word' id='word_1_14' title='bbox 611 756 656 823; x_wconf 92' lang='lat' dir='ltr'><strong>ad</strong></span> <span class='ocrx_word' id='word_1_15' title='bbox 674 754 841 824; x_wconf 85' lang='lat' dir='ltr'><strong>fidelitatis</strong></span> <span class='ocrx_word' id='word_1_16' title='bbox 859 756 971 824; x_wconf 90' lang='lat' dir='ltr'><strong>florem</strong></span> <span class='ocrx_word' id='word_1_17' title='bbox 988 760 1118 844; x_wconf 84' lang='lat' dir='ltr'><strong>excitat,</strong></span> <span class='ocrx_word' id='word_1_18' title='bbox 1135 761 1225 826; x_wconf 88' lang='lat' dir='ltr'><strong>etad</strong></span> 
     </span>
    </p>
   </div>
   <div class='ocr_carea' id='block_1_3' title="bbox 12 861 1224 950">
    <p class='ocr_par' dir='ltr' id='par_1_3' title="bbox 12 861 1224 950">
     <span class='ocr_line' id='line_1_4' title="bbox 12 861 1224 950; baseline 0.004 -20"><span class='ocrx_word' id='word_1_19' title='bbox 12 873 14 912; x_wconf 77' lang='lat'>³</span> <span class='ocrx_word' id='word_1_20' title='bbox 110 862 323 932; x_wconf 79' lang='lat' dir='ltr'><strong>benemerendi</strong></span> <span class='ocrx_word' id='word_1_21' title='bbox 339 862 447 931; x_wconf 88' lang='lat' dir='ltr'><strong>studia</strong></span> <span class='ocrx_word' id='word_1_22' title='bbox 463 862 604 930; x_wconf 89' lang='lat' dir='ltr'><strong>fideliter</strong></span> <span class='ocrx_word' id='word_1_23' title='bbox 619 861 874 946; x_wconf 75' lang='lat' dir='ltr'><strong>obsequentibus</strong></span> <span class='ocrx_word' id='word_1_24' title='bbox 896 867 1012 950; x_wconf 86' lang='lat' dir='ltr'><strong>prebet</strong></span> <span class='ocrx_word' id='word_1_25' title='bbox 1030 868 1224 950; x_wconf 82' lang='lat' dir='ltr'><strong>exemplum,</strong></span> 
     </span>
    </p>
   </div>
   <div class='ocr_carea' id='block_1_4' title="bbox 111 971 1227 1165">
    <p class='ocr_par' dir='ltr' id='par_1_4' title="bbox 111 971 1227 1165">
     <span class='ocr_line' id='line_1_5' title="bbox 111 971 1225 1060; baseline 0.005 -24"><span class='ocrx_word' id='word_1_26' title='bbox 111 976 268 1056; x_wconf 86' lang='lat' dir='ltr'><strong>etprestat</strong></span> <span class='ocrx_word' id='word_1_27' title='bbox 297 990 470 1057; x_wconf 78' lang='lat' dir='ltr'><strong>operosam</strong></span> <span class='ocrx_word' id='word_1_28' title='bbox 486 971 641 1038; x_wconf 89' lang='lat' dir='ltr'><strong>fiduciam</strong></span> <span class='ocrx_word' id='word_1_29' title='bbox 658 972 831 1039; x_wconf 88' lang='lat' dir='ltr'><strong>seruiendi.</strong></span> <span class='ocrx_word' id='word_1_30' title='bbox 849 971 920 1038; x_wconf 90' lang='lat' dir='ltr'><strong>Hoc</strong></span> <span class='ocrx_word' id='word_1_31' title='bbox 935 971 1033 1056; x_wconf 86' lang='lat' dir='ltr'><strong>igitur</strong></span> <span class='ocrx_word' id='word_1_32' title='bbox 1048 981 1225 1060; x_wconf 84' lang='lat' dir='ltr'><strong>pensantes</strong></span> 
     </span>
     <span class='ocr_line' id='line_1_6' title="bbox 111 1077 1227 1165; baseline 0.002 -19"><span class='ocrx_word' id='word_1_33' title='bbox 111 1098 146 1146; x_wconf 84' lang='lat' dir='ltr'><strong>cx</strong></span> <span class='ocrx_word' id='word_1_34' title='bbox 161 1081 273 1162; x_wconf 91' lang='lat' dir='ltr'><strong>animo,</strong></span> <span class='ocrx_word' id='word_1_35' title='bbox 289 1080 408 1145; x_wconf 87' lang='lat' dir='ltr'><strong>noticie</strong></span> <span class='ocrx_word' id='word_1_36' title='bbox 424 1084 613 1145; x_wconf 89' lang='lat' dir='ltr'><strong>cunctorum</strong></span> <span class='ocrx_word' id='word_1_37' title='bbox 644 1077 860 1165; x_wconf 76' lang='lat' dir='ltr'><strong>declaramus,</strong></span> <span class='ocrx_word' id='word_1_38' title='bbox 892 1078 980 1163; x_wconf 87' lang='lat' dir='ltr'><strong>quod</strong></span> <span class='ocrx_word' id='word_1_39' title='bbox 1009 1099 1081 1145; x_wconf 88' lang='lat' dir='ltr'><strong>cunr</strong></span> <span class='ocrx_word' id='word_1_40' title='bbox 1113 1081 1227 1148; x_wconf 79' lang='lat' dir='ltr'><strong>Comes</strong></span> 
     </span>
    </p>
   </div>
   <div class='ocr_carea' id='block_1_5' title="bbox 12 1182 1230 1487">
    <p class='ocr_par' dir='ltr' id='par_1_5' title="bbox 12 1182 1230 1487">
     <span class='ocr_line' id='line_1_7' title="bbox 12 1182 1227 1271; baseline 0.005 -21"><span class='ocrx_word' id='word_1_41' title='bbox 12 1185 14 1268; x_wconf 73' lang='grc' dir='ltr'><em>ξ</em></span> <span class='ocrx_word' id='word_1_42' title='bbox 110 1183 294 1252; x_wconf 86' lang='lat' dir='ltr'><strong>Laurenoius</strong></span> <span class='ocrx_word' id='word_1_43' title='bbox 320 1185 405 1252; x_wconf 87' lang='lat' dir='ltr'><strong>filius</strong></span> <span class='ocrx_word' id='word_1_44' title='bbox 419 1185 508 1250; x_wconf 89' lang='lat' dir='ltr'><strong>Petri</strong></span> <span class='ocrx_word' id='word_1_45' title='bbox 525 1184 664 1252; x_wconf 88' lang='lat' dir='ltr'><strong>dilectus</strong></span> <span class='ocrx_word' id='word_1_46' title='bbox 680 1190 712 1250; x_wconf 89' lang='lat' dir='ltr'><strong>et</strong></span> <span class='ocrx_word' id='word_1_47' title='bbox 727 1182 835 1252; x_wconf 88' lang='lat' dir='ltr'><strong>fidelis</strong></span> <span class='ocrx_word' id='word_1_48' title='bbox 850 1191 960 1251; x_wconf 87' lang='lat' dir='ltr'><strong>noster</strong></span> <span class='ocrx_word' id='word_1_49' title='bbox 975 1190 1041 1251; x_wconf 87' lang='lat' dir='ltr'><strong>tam</strong></span> <span class='ocrx_word' id='word_1_50' title='bbox 1060 1186 1227 1271; x_wconf 87' lang='lat' dir='ltr'><strong>predeces-</strong></span> 
     </span>
     <span class='ocr_line' id='line_1_8' title="bbox 12 1292 1227 1378; baseline 0.002 -20"><span class='ocrx_word' id='word_1_51' title='bbox 12 1303 14 1370; x_wconf 72' lang='grc' dir='ltr'>ξ</span> <span class='ocrx_word' id='word_1_52' title='bbox 110 1311 205 1360; x_wconf 88' lang='lat' dir='ltr'><strong>sorum</strong></span> <span class='ocrx_word' id='word_1_53' title='bbox 221 1299 403 1359; x_wconf 88' lang='lat' dir='ltr'><strong>nostrornm</strong></span> <span class='ocrx_word' id='word_1_54' title='bbox 417 1292 545 1376; x_wconf 80' lang='lat' dir='ltr'><strong>Regum</strong></span> <span class='ocrx_word' id='word_1_55' title='bbox 562 1293 774 1378; x_wconf 86' lang='lat' dir='ltr'><strong>temporibus,</strong></span> <span class='ocrx_word' id='word_1_56' title='bbox 795 1311 894 1375; x_wconf 86' lang='lat' dir='ltr'><strong>quam</strong></span> <span class='ocrx_word' id='word_1_57' title='bbox 925 1293 1044 1360; x_wconf 89' lang='lat' dir='ltr'><strong>nostris</strong></span> <span class='ocrx_word' id='word_1_58' title='bbox 1060 1293 1093 1358; x_wconf 92' lang='lat' dir='ltr'><strong>in</strong></span> <span class='ocrx_word' id='word_1_59' title='bbox 1127 1297 1227 1361; x_wconf 88' lang='lat' dir='ltr'><strong>omui·</strong></span> 
     </span>
     <span class='ocr_line' id='line_1_9' title="bbox 12 1397 1230 1487; baseline 0.005 -21"><span class='ocrx_word' id='word_1_60' title='bbox 12 1397 14 1478; x_wconf 79' lang='lat'>}</span> <span class='ocrx_word' id='word_1_61' title='bbox 110 1399 163 1465; x_wconf 90' lang='lat' dir='ltr'><strong>bus</strong></span> <span class='ocrx_word' id='word_1_62' title='bbox 185 1401 284 1484; x_wconf 85' lang='lat' dir='ltr'><strong>Regni</strong></span> <span class='ocrx_word' id='word_1_63' title='bbox 317 1399 586 1487; x_wconf 86' lang='lat' dir='ltr'><strong>expedicionibus</strong></span> <span class='ocrx_word' id='word_1_64' title='bbox 616 1401 720 1467; x_wconf 88' lang='lat' dir='ltr'><strong>multa</strong></span> <span class='ocrx_word' id='word_1_65' title='bbox 752 1406 850 1484; x_wconf 88' lang='lat' dir='ltr'><strong>grata</strong></span> <span class='ocrx_word' id='word_1_66' title='bbox 866 1405 898 1466; x_wconf 91' lang='lat' dir='ltr'><strong>et</strong></span> <span class='ocrx_word' id='word_1_67' title='bbox 912 1398 1044 1468; x_wconf 90' lang='lat' dir='ltr'><strong>diuersa</strong></span> <span class='ocrx_word' id='word_1_68' title='bbox 1061 1400 1230 1472; x_wconf 83' lang='lat' dir='ltr'><strong>fidelitatis</strong></span> 
     </span>
    </p>
   </div>
   <div class='ocr_carea' id='block_1_6' title="bbox 112 1505 1229 1595">
    <p class='ocr_par' dir='ltr' id='par_1_6' title="bbox 12 1505 1229 1606">
     <span class='ocr_line' id='line_1_10' title="bbox 112 1505 1229 1595; baseline 0.003 -21.671"><span class='ocrx_word' id='word_1_69' title='bbox 112 1508 255 1590; x_wconf 89' lang='lat' dir='ltr'><strong>obsequia</strong></span> <span class='ocrx_word' id='word_1_70' title='bbox 271 1507 485 1576; x_wconf 88' lang='lat' dir='ltr'><strong>laudabiliter</strong></span> <span class='ocrx_word' id='word_1_71' title='bbox 500 1505 717 1595; x_wconf 89' lang='lat' dir='ltr'><strong>inpendisset,</strong></span> <span class='ocrx_word' id='word_1_72' title='bbox 750 1507 857 1594; x_wconf 89' lang='lat' dir='ltr'><strong>dnbijs</strong></span> <span class='ocrx_word' id='word_1_73' title='bbox 873 1528 908 1575; x_wconf 90' lang='lat' dir='ltr'><strong>sc</strong></span> <span class='ocrx_word' id='word_1_74' title='bbox 939 1507 1068 1575; x_wconf 84' lang='lat' dir='ltr'><strong>fortune</strong></span> <span class='ocrx_word' id='word_1_75' title='bbox 1099 1511 1229 1578; x_wconf 87' lang='lat' dir='ltr'><strong>casibus</strong></span> 
     </span>
    </p>
   </div>
   <div class='ocr_carea' id='block_1_7' title="bbox 12 1613 1229 1702">
    <p class='ocr_par' dir='ltr' id='par_1_7' title="bbox 12 1613 1229 1702">
     <span class='ocr_line' id='line_1_11' title="bbox 12 1613 1229 1702; baseline 0.005 -24"><span class='ocrx_word' id='word_1_76' title='bbox 12 1619 14 1690; x_wconf 76' lang='grc' dir='ltr'><em>ῗ</em></span> <span class='ocrx_word' id='word_1_77' title='bbox 111 1621 139 1678; x_wconf 86' lang='lat' dir='ltr'><strong>et</strong></span> <span class='ocrx_word' id='word_1_78' title='bbox 152 1613 235 1679; x_wconf 90' lang='lat' dir='ltr'><strong>mille</strong></span> <span class='ocrx_word' id='word_1_79' title='bbox 266 1615 300 1681; x_wconf 92' lang='lat' dir='ltr'><strong>in</strong></span> <span class='ocrx_word' id='word_1_80' title='bbox 316 1616 463 1702; x_wconf 86' lang='lat' dir='ltr'><strong>pericula</strong></span> <span class='ocrx_word' id='word_1_81' title='bbox 493 1613 723 1699; x_wconf 90' lang='lat' dir='ltr'><strong>submittendo,</strong></span> <span class='ocrx_word' id='word_1_82' title='bbox 751 1615 886 1682; x_wconf 91' lang='lat' dir='ltr'><strong>sudores</strong></span> <span class='ocrx_word' id='word_1_83' title='bbox 906 1615 1042 1682; x_wconf 88' lang='lat' dir='ltr'><strong>bellicos</strong></span> <span class='ocrx_word' id='word_1_84' title='bbox 1059 1622 1091 1682; x_wconf 90' lang='lat' dir='ltr'><strong>et</strong></span> <span class='ocrx_word' id='word_1_85' title='bbox 1107 1617 1229 1684; x_wconf 83' lang='lat' dir='ltr'><strong>ulnera</strong></span> 
     </span>
    </p>
   </div>
   <div class='ocr_carea' id='block_1_8' title="bbox 12 1719 1240 2030">
    <p class='ocr_par' dir='ltr' id='par_1_8' title="bbox 12 1713 1240 2030">
     <span class='ocr_line' id='line_1_12' title="bbox 109 1719 1227 1807; baseline 0 -17"><span class='ocrx_word' id='word_1_86' title='bbox 109 1719 215 1786; x_wconf 87' lang='lat' dir='ltr'><strong>letalia</strong></span> <span class='ocrx_word' id='word_1_87' title='bbox 228 1722 441 1807; x_wconf 72' lang='lat' dir='ltr'><strong>sustinendo,</strong></span> <span class='ocrx_word' id='word_1_88' title='bbox 466 1722 653 1807; x_wconf 84' lang='lat' dir='ltr'><strong>specialiter</strong></span> <span class='ocrx_word' id='word_1_89' title='bbox 670 1727 777 1789; x_wconf 86' lang='lat' dir='ltr'><strong>autem</strong></span> <span class='ocrx_word' id='word_1_90' title='bbox 793 1723 828 1788; x_wconf 92' lang='lat' dir='ltr'><strong>in</strong></span> <span class='ocrx_word' id='word_1_91' title='bbox 846 1722 1008 1807; x_wconf 88' lang='lat' dir='ltr'><strong>conflictu,</strong></span> <span class='ocrx_word' id='word_1_92' title='bbox 1027 1741 1120 1804; x_wconf 88' lang='lat' dir='ltr'><strong>quem</strong></span> <span class='ocrx_word' id='word_1_93' title='bbox 1155 1742 1227 1790; x_wconf 92' lang='lat' dir='ltr'><strong>cnm</strong></span> 
     </span>
     <span class='ocr_line' id='line_1_13' title="bbox 110 1825 1229 1918; baseline 0.004 -27"><span class='ocrx_word' id='word_1_94' title='bbox 110 1825 249 1912; x_wconf 85' lang='lat' dir='ltr'><strong>ilenrico,</strong></span> <span class='ocrx_word' id='word_1_95' title='bbox 283 1827 443 1895; x_wconf 88' lang='lat' dir='ltr'><strong>Joacbino</strong></span> <span class='ocrx_word' id='word_1_96' title='bbox 476 1835 509 1895; x_wconf 91' lang='lat' dir='ltr'><strong>et</strong></span> <span class='ocrx_word' id='word_1_97' title='bbox 524 1827 600 1916; x_wconf 80' lang='lat' dir='ltr'><strong>slijs</strong></span> <span class='ocrx_word' id='word_1_98' title='bbox 632 1847 742 1895; x_wconf 88' lang='lat' dir='ltr'><strong>corum</strong></span> <span class='ocrx_word' id='word_1_99' title='bbox 775 1828 981 1914; x_wconf 80' lang='lat' dir='ltr'><strong>sequacibus,</strong></span> <span class='ocrx_word' id='word_1_100' title='bbox 1001 1829 1109 1918; x_wconf 86' lang='lat' dir='ltr'><strong>Regni</strong></span> <span class='ocrx_word' id='word_1_101' title='bbox 1126 1833 1229 1898; x_wconf 90' lang='lat' dir='ltr'><strong>nostri</strong></span> 
     </span>
     <span class='ocr_line' id='line_1_14' title="bbox 12 1932 1240 2030; baseline 0.008 -34"><span class='ocrx_word' id='word_1_102' title='bbox 12 2005 14 2030; x_wconf 32' lang='grc' dir='ltr'>ζ</span> <span class='ocrx_word' id='word_1_103' title='bbox 111 1932 294 2020; x_wconf 87' lang='lat' dir='ltr'><strong>infidelibus,</strong></span> <span class='ocrx_word' id='word_1_104' title='bbox 327 1934 382 2019; x_wconf 89' lang='lat' dir='ltr'><strong>qui</strong></span> <span class='ocrx_word' id='word_1_105' title='bbox 408 1935 549 2002; x_wconf 89' lang='lat' dir='ltr'><strong>collectis</strong></span> <span class='ocrx_word' id='word_1_106' title='bbox 580 1937 647 2003; x_wconf 91' lang='lat' dir='ltr'><strong>suis</strong></span> <span class='ocrx_word' id='word_1_107' title='bbox 680 1936 903 2024; x_wconf 89' lang='lat' dir='ltr'><strong>complicibus,</strong></span> <span class='ocrx_word' id='word_1_108' title='bbox 933 1935 1065 2004; x_wconf 80' lang='lat' dir='ltr'><strong>uexillis</strong></span> <span class='ocrx_word' id='word_1_109' title='bbox 1095 1937 1240 2006; x_wconf 76' lang='lat' dir='ltr'><strong>eleuatis·</strong></span> 
     </span>
    </p>
   </div>
   <div class='ocr_carea' id='block_1_9' title="bbox 12 2040 1230 2134">
    <p class='ocr_par' dir='ltr' id='par_1_9' title="bbox 12 2040 1230 2134">
     <span class='ocr_line' id='line_1_15' title="bbox 12 2040 1230 2134; baseline 0.004 -28"><span class='ocrx_word' id='word_1_110' title='bbox 12 2057 14 2134; x_wconf 69' lang='grc' dir='ltr'><em>ξ</em></span> <span class='ocrx_word' id='word_1_111' title='bbox 112 2045 210 2107; x_wconf 75' lang='lat' dir='ltr'><strong>conus</strong></span> <span class='ocrx_word' id='word_1_112' title='bbox 241 2040 407 2109; x_wconf 85' lang='lat' dir='ltr'><strong>Coronam</strong></span> <span class='ocrx_word' id='word_1_113' title='bbox 437 2043 574 2125; x_wconf 82' lang='lat' dir='ltr'><strong>Regiam</strong></span> <span class='ocrx_word' id='word_1_114' title='bbox 593 2062 677 2110; x_wconf 88' lang='lat' dir='ltr'><strong>ausu</strong></span> <span class='ocrx_word' id='word_1_115' title='bbox 693 2042 867 2109; x_wconf 89' lang='lat' dir='ltr'><strong>temerario</strong></span> <span class='ocrx_word' id='word_1_116' title='bbox 884 2042 996 2110; x_wconf 91' lang='lat' dir='ltr'><strong>uenire</strong></span> <span class='ocrx_word' id='word_1_117' title='bbox 1013 2049 1230 2129; x_wconf 85' lang='lat' dir='ltr'><strong>attemptans-</strong></span> 
     </span>
    </p>
   </div>
   <div class='ocr_carea' id='block_1_10' title="bbox 12 2148 1236 2344">
    <p class='ocr_par' dir='ltr' id='par_1_10' title="bbox 12 2135 1236 2344">
     <span class='ocr_line' id='line_1_16' title="bbox 12 2148 1230 2248; baseline 0.006 -38"><span class='ocrx_word' id='word_1_118' title='bbox 12 2179 14 2248; x_wconf 44' lang='grc' dir='ltr'>ἶ</span> <span class='ocrx_word' id='word_1_119' title='bbox 111 2153 185 2233; x_wconf 87' lang='lat' dir='ltr'><strong>rant,</strong></span> <span class='ocrx_word' id='word_1_120' title='bbox 199 2148 376 2234; x_wconf 86' lang='lat' dir='ltr'><strong>pugnaturi</strong></span> <span class='ocrx_word' id='word_1_121' title='bbox 392 2148 481 2234; x_wconf 89' lang='lat' dir='ltr'><strong>apud</strong></span> <span class='ocrx_word' id='word_1_122' title='bbox 509 2156 650 2216; x_wconf 89' lang='lat' dir='ltr'><strong>montem</strong></span> <span class='ocrx_word' id='word_1_123' title='bbox 682 2149 906 2216; x_wconf 82' lang='lat' dir='ltr'><strong>Bukensomla</strong></span> <span class='ocrx_word' id='word_1_124' title='bbox 937 2155 1086 2217; x_wconf 87' lang='lat' dir='ltr'><strong>vocatum</strong></span> <span class='ocrx_word' id='word_1_125' title='bbox 1116 2150 1230 2219; x_wconf 88' lang='lat' dir='ltr'><strong>habui-</strong></span> 
     </span>
     <span class='ocr_line' id='line_1_17' title="bbox 12 2249 1236 2344; baseline 0.006 -25"><span class='ocrx_word' id='word_1_126' title='bbox 12 2249 14 2298; x_wconf 80' lang='lat' dir='ltr'><strong>t</strong></span> <span class='ocrx_word' id='word_1_127' title='bbox 111 2274 191 2339; x_wconf 76' lang='lat' dir='ltr'><strong>mus,</strong></span> <span class='ocrx_word' id='word_1_128' title='bbox 211 2256 245 2322; x_wconf 93' lang='lat' dir='ltr'><strong>in</strong></span> <span class='ocrx_word' id='word_1_129' title='bbox 278 2276 345 2339; x_wconf 88' lang='lat' dir='ltr'><strong>quo</strong></span> <span class='ocrx_word' id='word_1_130' title='bbox 377 2253 506 2338; x_wconf 91' lang='lat' dir='ltr'><strong>quidem</strong></span> <span class='ocrx_word' id='word_1_131' title='bbox 531 2257 680 2324; x_wconf 89' lang='lat' dir='ltr'><strong>conflictu</strong></span> <span class='ocrx_word' id='word_1_132' title='bbox 707 2258 794 2324; x_wconf 88' lang='lat' dir='ltr'><strong>idem</strong></span> <span class='ocrx_word' id='word_1_133' title='bbox 810 2257 981 2340; x_wconf 87' lang='lat' dir='ltr'><strong>Henrious,</strong></span> <span class='ocrx_word' id='word_1_134' title='bbox 997 2257 1236 2344; x_wconf 88' lang='lat' dir='ltr'><strong>primipilarius.</strong></span> 
     </span>
    </p>
   </div>
   <div class='ocr_carea' id='block_1_11' title="bbox 12 2363 1231 2450">
    <p class='ocr_par' dir='ltr' id='par_1_11' title="bbox 12 2363 1231 2450">
     <span class='ocr_line' id='line_1_18' title="bbox 12 2363 1231 2450; baseline 0.006 -22"><span class='ocrx_word' id='word_1_135' title='bbox 12 2377 14 2438; x_wconf 67' lang='lat' dir='ltr'><strong>t</strong></span> <span class='ocrx_word' id='word_1_136' title='bbox 112 2363 259 2431; x_wconf 84' lang='lat' dir='ltr'><strong>exercitus</strong></span> <span class='ocrx_word' id='word_1_137' title='bbox 280 2363 459 2432; x_wconf 90' lang='lat' dir='ltr'><strong>eorundem</strong></span> <span class='ocrx_word' id='word_1_138' title='bbox 490 2364 679 2447; x_wconf 89' lang='lat' dir='ltr'><strong>infidelium,</strong></span> <span class='ocrx_word' id='word_1_139' title='bbox 710 2372 813 2432; x_wconf 89' lang='lat' dir='ltr'><strong>morte</strong></span> <span class='ocrx_word' id='word_1_140' title='bbox 829 2365 1008 2432; x_wconf 87' lang='lat' dir='ltr'><strong>miserabili</strong></span> <span class='ocrx_word' id='word_1_141' title='bbox 1031 2383 1088 2450; x_wconf 92' lang='lat' dir='ltr'><strong>per</strong></span> <span class='ocrx_word' id='word_1_142' title='bbox 1103 2375 1231 2435; x_wconf 90' lang='lat' dir='ltr'><strong>nostros</strong></span> 
     </span>
    </p>
   </div>
   <div class='ocr_carea' id='block_1_12' title="bbox 111 2469 1237 2986">
    <p class='ocr_par' dir='ltr' id='par_1_12' title="bbox 111 2469 1237 2986">
     <span class='ocr_line' id='line_1_19' title="bbox 111 2469 1237 2558; baseline 0.006 -24"><span class='ocrx_word' id='word_1_143' title='bbox 111 2469 215 2539; x_wconf 87' lang='lat' dir='ltr'><strong>fideles</strong></span> <span class='ocrx_word' id='word_1_144' title='bbox 245 2472 356 2538; x_wconf 82' lang='lat' dir='ltr'><strong>extitit</strong></span> <span class='ocrx_word' id='word_1_145' title='bbox 385 2473 597 2558; x_wconf 87' lang='lat' dir='ltr'><strong>interemptus</strong></span> <span class='ocrx_word' id='word_1_146' title='bbox 614 2499 622 2538; x_wconf 91' lang='lat'><strong>:</strong></span> <span class='ocrx_word' id='word_1_147' title='bbox 637 2470 723 2538; x_wconf 90' lang='lat' dir='ltr'><strong>idern</strong></span> <span class='ocrx_word' id='word_1_148' title='bbox 756 2469 872 2538; x_wconf 75' lang='lat' dir='ltr'><strong>Oomm</strong></span> <span class='ocrx_word' id='word_1_149' title='bbox 897 2472 1099 2539; x_wconf 87' lang='lat' dir='ltr'><strong>Laurencius</strong></span> <span class='ocrx_word' id='word_1_150' title='bbox 1139 2481 1237 2541; x_wconf 88' lang='lat' dir='ltr'><strong>aetus</strong></span> 
     </span>
     <span class='ocr_line' id='line_1_20' title="bbox 111 2577 1232 2665; baseline 0.009 -26"><span class='ocrx_word' id='word_1_151' title='bbox 111 2577 304 2645; x_wconf 85' lang='lat' dir='ltr'><strong>exhibuisset</strong></span> <span class='ocrx_word' id='word_1_152' title='bbox 319 2583 471 2647; x_wconf 72' lang='lat' dir='ltr'><strong>sbeuuos</strong></span> <span class='ocrx_word' id='word_1_153' title='bbox 486 2579 626 2646; x_wconf 85' lang='lat' dir='ltr'><strong>viriliter</strong></span> <span class='ocrx_word' id='word_1_154' title='bbox 641 2577 838 2664; x_wconf 89' lang='lat' dir='ltr'><strong>dimicando,</strong></span> <span class='ocrx_word' id='word_1_155' title='bbox 854 2584 886 2645; x_wconf 90' lang='lat' dir='ltr'><strong>et</strong></span> <span class='ocrx_word' id='word_1_156' title='bbox 901 2581 1010 2665; x_wconf 90' lang='lat' dir='ltr'><strong>plures</strong></span> <span class='ocrx_word' id='word_1_157' title='bbox 1026 2579 1061 2645; x_wconf 94' lang='lat' dir='ltr'><strong>in</strong></span> <span class='ocrx_word' id='word_1_158' title='bbox 1090 2578 1232 2648; x_wconf 84' lang='lat' dir='ltr'><strong>aduersa</strong></span> 
     </span>
     <span class='ocr_line' id='line_1_21' title="bbox 111 2684 1230 2773; baseline 0.005 -25"><span class='ocrx_word' id='word_1_159' title='bbox 111 2684 173 2749; x_wconf 87' lang='lat' dir='ltr'><strong>acie</strong></span> <span class='ocrx_word' id='word_1_160' title='bbox 186 2684 393 2754; x_wconf 88' lang='lat' dir='ltr'><strong>debellando.</strong></span> <span class='ocrx_word' id='word_1_161' title='bbox 426 2687 496 2754; x_wconf 85' lang='lat' dir='ltr'><strong>Nos</strong></span> <span class='ocrx_word' id='word_1_162' title='bbox 512 2688 568 2772; x_wconf 91' lang='lat' dir='ltr'><strong>qui</strong></span> <span class='ocrx_word' id='word_1_163' title='bbox 585 2708 625 2755; x_wconf 82' lang='lat' dir='ltr'><strong>ex</strong></span> <span class='ocrx_word' id='word_1_164' title='bbox 640 2686 747 2754; x_wconf 81' lang='lat' dir='ltr'><strong>officio</strong></span> <span class='ocrx_word' id='word_1_165' title='bbox 763 2688 924 2772; x_wconf 86' lang='lat' dir='ltr'><strong>sussccpti</strong></span> <span class='ocrx_word' id='word_1_166' title='bbox 942 2687 1110 2773; x_wconf 84' lang='lat' dir='ltr'><strong>regiminis</strong></span> <span class='ocrx_word' id='word_1_167' title='bbox 1125 2690 1230 2757; x_wconf 91' lang='lat' dir='ltr'><strong>nostri</strong></span> 
     </span>
     <span class='ocr_line' id='line_1_22' title="bbox 111 2791 1232 2882; baseline 0.007 -28"><span class='ocrx_word' id='word_1_168' title='bbox 111 2791 208 2859; x_wconf 90' lang='lat' dir='ltr'><strong>metiri</strong></span> <span class='ocrx_word' id='word_1_169' title='bbox 239 2793 397 2862; x_wconf 89' lang='lat' dir='ltr'><strong>debemus</strong></span> <span class='ocrx_word' id='word_1_170' title='bbox 428 2793 546 2862; x_wconf 89' lang='lat' dir='ltr'><strong>merita</strong></span> <span class='ocrx_word' id='word_1_171' title='bbox 577 2793 791 2882; x_wconf 83' lang='lat' dir='ltr'><strong>singulorum,</strong></span> <span class='ocrx_word' id='word_1_172' title='bbox 808 2801 841 2862; x_wconf 91' lang='lat' dir='ltr'><strong>et</strong></span> <span class='ocrx_word' id='word_1_173' title='bbox 871 2793 1043 2878; x_wconf 83' lang='lat' dir='ltr'><strong>unicuique</strong></span> <span class='ocrx_word' id='word_1_174' title='bbox 1074 2796 1166 2862; x_wconf 82' lang='lat' dir='ltr'><strong>iuxta</strong></span> <span class='ocrx_word' id='word_1_175' title='bbox 1182 2797 1232 2862; x_wconf 90' lang='lat' dir='ltr'><strong>sui</strong></span> 
     </span>
     <span class='ocr_line' id='line_1_23' title="bbox 111 2898 1232 2986; baseline 0.004 -23"><span class='ocrx_word' id='word_1_176' title='bbox 111 2899 206 2964; x_wconf 91' lang='lat' dir='ltr'><strong>meriti</strong></span> <span class='ocrx_word' id='word_1_177' title='bbox 234 2898 451 2983; x_wconf 86' lang='lat' dir='ltr'><strong>quantitatem</strong></span> <span class='ocrx_word' id='word_1_178' title='bbox 482 2900 680 2985; x_wconf 90' lang='lat' dir='ltr'><strong>respondere</strong></span> <span class='ocrx_word' id='word_1_179' title='bbox 712 2900 886 2986; x_wconf 88' lang='lat' dir='ltr'><strong>donatiuis,</strong></span> <span class='ocrx_word' id='word_1_180' title='bbox 903 2907 939 2966; x_wconf 90' lang='lat' dir='ltr'><strong>vt</strong></span> <span class='ocrx_word' id='word_1_181' title='bbox 954 2900 1011 2985; x_wconf 91' lang='lat' dir='ltr'><strong>alij</strong></span> <span class='ocrx_word' id='word_1_182' title='bbox 1027 2909 1174 2985; x_wconf 89' lang='lat' dir='ltr'><strong>respecto</strong></span> <span class='ocrx_word' id='word_1_183' title='bbox 1192 2923 1232 2970; x_wconf 89' lang='lat' dir='ltr'><strong>eo</strong></span> 
     </span>
    </p>
   </div>
   <div class='ocr_carea' id='block_1_13' title="bbox 112 3003 1233 3094">
    <p class='ocr_par' dir='ltr' id='par_1_13' title="bbox 12 3003 1233 3094">
     <span class='ocr_line' id='line_1_24' title="bbox 112 3003 1233 3094; baseline 0.003 -21.672"><span class='ocrx_word' id='word_1_184' title='bbox 112 3003 149 3070; x_wconf 85' lang='lat' dir='ltr'><strong>ad</strong></span> <span class='ocrx_word' id='word_1_185' title='bbox 163 3004 329 3075; x_wconf 85' lang='lat' dir='ltr'><strong>fidelitatis</strong></span> <span class='ocrx_word' id='word_1_186' title='bbox 345 3027 445 3093; x_wconf 78' lang='lat' dir='ltr'><strong>opera</strong></span> <span class='ocrx_word' id='word_1_187' title='bbox 459 3005 581 3075; x_wconf 81' lang='lat' dir='ltr'><strong>sorcius</strong></span> <span class='ocrx_word' id='word_1_188' title='bbox 596 3008 828 3093; x_wconf 87' lang='lat' dir='ltr'><strong>accendantur,</strong></span> <span class='ocrx_word' id='word_1_189' title='bbox 848 3008 953 3094; x_wconf 89' lang='lat' dir='ltr'><strong>ipsius</strong></span> <span class='ocrx_word' id='word_1_190' title='bbox 985 3007 1119 3076; x_wconf 77' lang='lat' dir='ltr'><strong>Comitis</strong></span> <span class='ocrx_word' id='word_1_191' title='bbox 1149 3009 1233 3076; x_wconf 88' lang='lat' dir='ltr'><strong>Lau-</strong></span> 
     </span>
    </p>
   </div>
   <div class='ocr_carea' id='block_1_14' title="bbox 12 3112 1232 3210">
    <p class='ocr_par' dir='ltr' id='par_1_14' title="bbox 12 3091 1232 3210">
     <span class='ocr_line' id='line_1_25' title="bbox 12 3112 1232 3210; baseline 0.007 -37"><span class='ocrx_word' id='word_1_192' title='bbox 12 3117 14 3210; x_wconf 53' lang='grc' dir='ltr'><strong>ᾗ</strong></span> <span class='ocrx_word' id='word_1_193' title='bbox 112 3112 204 3198; x_wconf 87' lang='lat' dir='ltr'><strong>rencij</strong></span> <span class='ocrx_word' id='word_1_194' title='bbox 235 3113 380 3180; x_wconf 89' lang='lat' dir='ltr'><strong>seruicia</strong></span> <span class='ocrx_word' id='word_1_195' title='bbox 409 3113 578 3180; x_wconf 87' lang='lat' dir='ltr'><strong>meritoria</strong></span> <span class='ocrx_word' id='word_1_196' title='bbox 592 3115 625 3180; x_wconf 91' lang='lat' dir='ltr'><strong>in</strong></span> <span class='ocrx_word' id='word_1_197' title='bbox 642 3113 748 3182; x_wconf 90' lang='lat' dir='ltr'><strong>cordis</strong></span> <span class='ocrx_word' id='word_1_198' title='bbox 764 3117 865 3182; x_wconf 90' lang='lat' dir='ltr'><strong>nostri</strong></span> <span class='ocrx_word' id='word_1_199' title='bbox 881 3115 1084 3183; x_wconf 88' lang='lat' dir='ltr'><strong>reuolueutes</strong></span> <span class='ocrx_word' id='word_1_200' title='bbox 1099 3118 1232 3184; x_wconf 87' lang='lat' dir='ltr'><strong>armari-</strong></span> 
     </span>
    </p>
   </div>
   <div class='ocr_carea' id='block_1_15' title="bbox 12 3219 1238 3308">
    <p class='ocr_par' dir='ltr' id='par_1_15' title="bbox 12 3219 1238 3308">
     <span class='ocr_line' id='line_1_26' title="bbox 12 3219 1238 3308; baseline 0.008 -27"><span class='ocrx_word' id='word_1_201' title='bbox 12 3255 14 3300; x_wconf 56' lang='lat'><strong>,</strong></span> <span class='ocrx_word' id='word_1_202' title='bbox 115 3219 173 3304; x_wconf 88' lang='lat' dir='ltr'><strong>olo,</strong></span> <span class='ocrx_word' id='word_1_203' title='bbox 187 3223 401 3305; x_wconf 86' lang='lat' dir='ltr'><strong>volentesque</strong></span> <span class='ocrx_word' id='word_1_204' title='bbox 417 3221 522 3308; x_wconf 91' lang='lat' dir='ltr'><strong>ipsum</strong></span> <span class='ocrx_word' id='word_1_205' title='bbox 538 3220 625 3290; x_wconf 90' lang='lat' dir='ltr'><strong>bono</strong></span> <span class='ocrx_word' id='word_1_206' title='bbox 641 3222 785 3306; x_wconf 91' lang='lat' dir='ltr'><strong>quolibet</strong></span> <span class='ocrx_word' id='word_1_207' title='bbox 815 3220 970 3304; x_wconf 77' lang='lat' dir='ltr'><strong>refouere,</strong></span> <span class='ocrx_word' id='word_1_208' title='bbox 1000 3223 1076 3290; x_wconf 90' lang='lat' dir='ltr'><strong>licet</strong></span> <span class='ocrx_word' id='word_1_209' title='bbox 1107 3223 1238 3291; x_wconf 79' lang='lat' dir='ltr'><strong>maiori·</strong></span> 
     </span>
    </p>
   </div>
   <div class='ocr_carea' id='block_1_16' title="bbox 12 3311 1235 3414">
    <p class='ocr_par' dir='ltr' id='par_1_16' title="bbox 12 3307 1235 3438">
     <span class='ocr_line' id='line_1_27' title="bbox 12 3311 1235 3414; baseline 0.029 -29"><span class='ocrx_word' id='word_1_210' title='bbox 12 3311 14 3404; x_wconf 78' lang='grc' dir='ltr'>ξ</span> <span class='ocrx_word' id='word_1_211' title='bbox 111 3325 166 3392; x_wconf 84' lang='lat' dir='ltr'><strong>bur</strong></span> <span class='ocrx_word' id='word_1_212' title='bbox 195 3324 315 3413; x_wconf 91' lang='lat' dir='ltr'><strong>dignus</strong></span> <span class='ocrx_word' id='word_1_213' title='bbox 345 3327 554 3397; x_wconf 81' lang='lat' dir='ltr'><strong>baberetur:</strong></span> <span class='ocrx_word' id='word_1_214' title='bbox 572 3329 735 3414; x_wconf 87' lang='lat' dir='ltr'><strong>quandam</strong></span> <span class='ocrx_word' id='word_1_215' title='bbox 772 3330 1013 3414; x_wconf 83' lang='lat' dir='ltr'><strong>possessionem</strong></span> <span class='ocrx_word' id='word_1_216' title='bbox 1046 3330 1235 3398; x_wconf 62' lang='lat' dir='ltr'><strong>Sssfflmihssl</strong></span> 
     </span>
    </p>
   </div>
   <div class='ocr_carea' id='block_1_17' title="bbox 12 3433 1235 3525">
    <p class='ocr_par' dir='ltr' id='par_1_17' title="bbox 12 3433 1235 3525">
     <span class='ocr_line' id='line_1_28' title="bbox 12 3433 1235 3525; baseline 0.007 -29"><span class='ocrx_word' id='word_1_217' title='bbox 12 3441 14 3472; x_wconf 65' lang='lat' dir='ltr'><strong>t</strong></span> <span class='ocrx_word' id='word_1_218' title='bbox 112 3441 265 3516; x_wconf 80' lang='lat' dir='ltr'><strong>uocatam,</strong></span> <span class='ocrx_word' id='word_1_219' title='bbox 282 3433 497 3504; x_wconf 75' lang='lat' dir='ltr'><strong>incomitata</strong></span> <span class='ocrx_word' id='word_1_220' title='bbox 518 3437 612 3504; x_wconf 83' lang='lat' dir='ltr'><strong>Ferei</strong></span> <span class='ocrx_word' id='word_1_221' title='bbox 645 3438 752 3504; x_wconf 82' lang='lat' dir='ltr'><strong>Castri</strong></span> <span class='ocrx_word' id='word_1_222' title='bbox 783 3437 986 3525; x_wconf 87' lang='lat' dir='ltr'><strong>existentem,</strong></span> <span class='ocrx_word' id='word_1_223' title='bbox 1020 3457 1117 3521; x_wconf 89' lang='lat' dir='ltr'><strong>quam</strong></span> <span class='ocrx_word' id='word_1_224' title='bbox 1148 3438 1235 3509; x_wconf 90' lang='lat' dir='ltr'><strong>idem</strong></span> 
     </span>
    </p>
   </div>
   <div class='ocr_carea' id='block_1_18' title="bbox 12 3535 1236 3738">
    <p class='ocr_par' dir='ltr' id='par_1_18' title="bbox 12 3535 1236 3738">
     <span class='ocr_line' id='line_1_29' title="bbox 12 3535 1234 3640; baseline 0.006 -33"><span class='ocrx_word' id='word_1_225' title='bbox 12 3535 14 3640; x_wconf 40' lang='lat' dir='ltr'>j</span> <span class='ocrx_word' id='word_1_226' title='bbox 113 3540 219 3609; x_wconf 74' lang='lat' dir='ltr'><strong>domes</strong></span> <span class='ocrx_word' id='word_1_227' title='bbox 249 3541 452 3608; x_wconf 87' lang='lat' dir='ltr'><strong>Laurencius</strong></span> <span class='ocrx_word' id='word_1_228' title='bbox 481 3543 560 3610; x_wconf 89' lang='lat' dir='ltr'><strong>olim</strong></span> <span class='ocrx_word' id='word_1_229' title='bbox 591 3562 631 3610; x_wconf 84' lang='lat' dir='ltr'><strong>er</strong></span> <span class='ocrx_word' id='word_1_230' title='bbox 647 3545 824 3611; x_wconf 88' lang='lat' dir='ltr'><strong>collacione</strong></span> <span class='ocrx_word' id='word_1_231' title='bbox 854 3543 959 3629; x_wconf 88' lang='lat' dir='ltr'><strong>Regia</strong></span> <span class='ocrx_word' id='word_1_232' title='bbox 986 3545 1186 3631; x_wconf 86' lang='lat' dir='ltr'><strong>possidebat,</strong></span> <span class='ocrx_word' id='word_1_233' title='bbox 1201 3557 1234 3616; x_wconf 91' lang='lat' dir='ltr'><strong>et</strong></span> 
     </span>
     <span class='ocr_line' id='line_1_30' title="bbox 12 3641 1236 3738; baseline 0.007 -22"><span class='ocrx_word' id='word_1_234' title='bbox 12 3641 14 3730; x_wconf 72' lang='grc' dir='ltr'><strong><em>ἓ</em></strong></span> <span class='ocrx_word' id='word_1_235' title='bbox 112 3647 308 3734; x_wconf 86' lang='lat' dir='ltr'><strong>postmodnm</strong></span> <span class='ocrx_word' id='word_1_236' title='bbox 323 3652 366 3718; x_wconf 85' lang='lat' dir='ltr'><strong>ab</strong></span> <span class='ocrx_word' id='word_1_237' title='bbox 382 3649 494 3718; x_wconf 89' lang='lat' dir='ltr'><strong>eodem</strong></span> <span class='ocrx_word' id='word_1_238' title='bbox 511 3650 620 3718; x_wconf 83' lang='lat' dir='ltr'><strong>fuerat</strong></span> <span class='ocrx_word' id='word_1_239' title='bbox 635 3650 782 3722; x_wconf 89' lang='lat' dir='ltr'><strong>indebite</strong></span> <span class='ocrx_word' id='word_1_240' title='bbox 798 3652 953 3738; x_wconf 85' lang='lat' dir='ltr'><strong>alienata,</strong></span> <span class='ocrx_word' id='word_1_241' title='bbox 986 3651 1186 3723; x_wconf 89' lang='lat' dir='ltr'><strong>reddidimus</strong></span> <span class='ocrx_word' id='word_1_242' title='bbox 1202 3663 1236 3724; x_wconf 90' lang='lat' dir='ltr'><strong>et</strong></span> 
     </span>
    </p>
   </div>
   <div class='ocr_carea' id='block_1_19' title="bbox 12 3754 1236 3955">
    <p class='ocr_par' dir='ltr' id='par_1_19' title="bbox 12 3754 1236 3955">
     <span class='ocr_line' id='line_1_31' title="bbox 114 3754 1236 3830; baseline 0.004 -4.583"><span class='ocrx_word' id='word_1_243' title='bbox 114 3756 303 3825; x_wconf 87' lang='lat' dir='ltr'><strong>restituimus</strong></span> <span class='ocrx_word' id='word_1_244' title='bbox 334 3754 438 3824; x_wconf 88' lang='lat' dir='ltr'><strong>eidem</strong></span> <span class='ocrx_word' id='word_1_245' title='bbox 464 3757 578 3826; x_wconf 82' lang='lat' dir='ltr'><strong>Comiti</strong></span> <span class='ocrx_word' id='word_1_246' title='bbox 609 3759 789 3826; x_wconf 80' lang='lat' dir='ltr'><strong>Laurencio</strong></span> <span class='ocrx_word' id='word_1_247' title='bbox 815 3767 849 3826; x_wconf 91' lang='lat' dir='ltr'><strong>et</strong></span> <span class='ocrx_word' id='word_1_248' title='bbox 872 3761 941 3827; x_wconf 90' lang='lat' dir='ltr'><strong>suis</strong></span> <span class='ocrx_word' id='word_1_249' title='bbox 958 3759 1130 3828; x_wconf 90' lang='lat' dir='ltr'><strong>heredibus</strong></span> <span class='ocrx_word' id='word_1_250' title='bbox 1147 3760 1236 3830; x_wconf 90' lang='lat' dir='ltr'><strong>berc·</strong></span> 
     </span>
     <span class='ocr_line' id='line_1_32' title="bbox 12 3863 1236 3955; baseline 0.005 -24"><span class='ocrx_word' id='word_1_251' title='bbox 12 3863 14 3944; x_wconf 74' lang='grc' dir='ltr'><em>ῗ</em></span> <span class='ocrx_word' id='word_1_252' title='bbox 114 3863 248 3952; x_wconf 87' lang='lat' dir='ltr'><strong>dumque</strong></span> <span class='ocrx_word' id='word_1_253' title='bbox 275 3867 517 3934; x_wconf 86' lang='lat' dir='ltr'><strong>successoribus</strong></span> <span class='ocrx_word' id='word_1_254' title='bbox 548 3873 754 3954; x_wconf 84' lang='lat' dir='ltr'><strong>perpetuast</strong></span> <span class='ocrx_word' id='word_1_255' title='bbox 784 3867 1042 3937; x_wconf 85' lang='lat' dir='ltr'><strong>irreuocabiliter</strong></span> <span class='ocrx_word' id='word_1_256' title='bbox 1071 3871 1236 3955; x_wconf 87' lang='lat' dir='ltr'><strong>possiden-</strong></span> 
     </span>
    </p>
   </div>
   <div class='ocr_carea' id='block_1_20' title="bbox 12 3971 1237 4280">
    <p class='ocr_par' dir='ltr' id='par_1_20' title="bbox 12 3957 1237 4290">
     <span class='ocr_line' id='line_1_33' title="bbox 12 3971 1234 4074; baseline 0.006 -34"><span class='ocrx_word' id='word_1_257' title='bbox 12 4001 14 4074; x_wconf 37' lang='lat'><em>}</em></span> <span class='ocrx_word' id='word_1_258' title='bbox 103 3971 193 4060; x_wconf 86' lang='lat' dir='ltr'><strong>dam,</strong></span> <span class='ocrx_word' id='word_1_259' title='bbox 210 3995 284 4042; x_wconf 89' lang='lat' dir='ltr'><strong>curn</strong></span> <span class='ocrx_word' id='word_1_260' title='bbox 316 3975 466 4044; x_wconf 90' lang='lat' dir='ltr'><strong>omuibus</strong></span> <span class='ocrx_word' id='word_1_261' title='bbox 487 3976 700 4062; x_wconf 90' lang='lat' dir='ltr'><strong>pertinencijs</strong></span> <span class='ocrx_word' id='word_1_262' title='bbox 717 3985 751 4044; x_wconf 92' lang='lat' dir='ltr'><strong>et</strong></span> <span class='ocrx_word' id='word_1_263' title='bbox 766 3976 834 4047; x_wconf 90' lang='lat' dir='ltr'><strong>suis</strong></span> <span class='ocrx_word' id='word_1_264' title='bbox 850 3977 1048 4046; x_wconf 82' lang='lat' dir='ltr'><strong>utilitatibus</strong></span> <span class='ocrx_word' id='word_1_265' title='bbox 1064 3977 1234 4063; x_wconf 82' lang='lat' dir='ltr'><strong>uniuersis,</strong></span> 
     </span>
     <span class='ocr_line' id='line_1_34' title="bbox 12 4081 1237 4172; baseline 0.007 -27"><span class='ocrx_word' id='word_1_266' title='bbox 12 4093 14 4172; x_wconf 33' lang='grc' dir='ltr'><em>ὲ</em></span> <span class='ocrx_word' id='word_1_267' title='bbox 114 4088 202 4165; x_wconf 89' lang='lat' dir='ltr'><strong>prout</strong></span> <span class='ocrx_word' id='word_1_268' title='bbox 216 4081 303 4150; x_wconf 90' lang='lat' dir='ltr'><strong>idem</strong></span> <span class='ocrx_word' id='word_1_269' title='bbox 320 4083 470 4169; x_wconf 91' lang='lat' dir='ltr'><strong>primitus</strong></span> <span class='ocrx_word' id='word_1_270' title='bbox 487 4083 663 4152; x_wconf 88' lang='lat' dir='ltr'><strong>dinoscitur</strong></span> <span class='ocrx_word' id='word_1_271' title='bbox 694 4085 848 4154; x_wconf 90' lang='lat' dir='ltr'><strong>tenuisse.</strong></span> <span class='ocrx_word' id='word_1_272' title='bbox 863 4085 901 4152; x_wconf 93' lang='lat' dir='ltr'><strong>In</strong></span> <span class='ocrx_word' id='word_1_273' title='bbox 934 4083 1025 4152; x_wconf 91' lang='lat' dir='ltr'><strong>cuius</strong></span> <span class='ocrx_word' id='word_1_274' title='bbox 1041 4084 1089 4151; x_wconf 91' lang='lat' dir='ltr'><strong>rei</strong></span> <span class='ocrx_word' id='word_1_275' title='bbox 1120 4105 1237 4155; x_wconf 91' lang='lat' dir='ltr'><strong>memo.</strong></span> 
     </span>
     <span class='ocr_line' id='line_1_35' title="bbox 114 4175 1235 4280; baseline 0.01 -27.999"><span class='ocrx_word' id='word_1_276' title='bbox 114 4186 189 4254; x_wconf 89' lang='lat' dir='ltr'><strong>riam</strong></span> <span class='ocrx_word' id='word_1_277' title='bbox 220 4191 471 4275; x_wconf 85' lang='lat' dir='ltr'><strong>firmitatemque</strong></span> <span class='ocrx_word' id='word_1_278' title='bbox 495 4199 688 4278; x_wconf 86' lang='lat' dir='ltr'><strong>perpetuam</strong></span> <span class='ocrx_word' id='word_1_279' title='bbox 703 4201 870 4280; x_wconf 89' lang='lat' dir='ltr'><strong>presentes</strong></span> <span class='ocrx_word' id='word_1_280' title='bbox 885 4175 1105 4260; x_wconf 88' lang='lat' dir='ltr'><strong>concessimus</strong></span> <span class='ocrx_word' id='word_1_281' title='bbox 1121 4194 1235 4263; x_wconf 88' lang='lat' dir='ltr'><strong>literas</strong></span> 
     </span>
    </p>
   </div>
   <div class='ocr_carea' id='block_1_21' title="bbox 12 4291 1238 4384">
    <p class='ocr_par' dir='ltr' id='par_1_21' title="bbox 12 4291 1238 4384">
     <span class='ocr_line' id='line_1_36' title="bbox 12 4291 1238 4384; baseline 0.01 -28"><span class='ocrx_word' id='word_1_282' title='bbox 12 4291 14 4372; x_wconf 80' lang='lat' dir='ltr'><strong>l</strong></span> <span class='ocrx_word' id='word_1_283' title='bbox 115 4293 248 4380; x_wconf 87' lang='lat' dir='ltr'><strong>duplicis</strong></span> <span class='ocrx_word' id='word_1_284' title='bbox 264 4297 369 4383; x_wconf 88' lang='lat' dir='ltr'><strong>sigilli</strong></span> <span class='ocrx_word' id='word_1_285' title='bbox 386 4300 487 4367; x_wconf 92' lang='lat' dir='ltr'><strong>nostri</strong></span> <span class='ocrx_word' id='word_1_286' title='bbox 502 4299 680 4366; x_wconf 89' lang='lat' dir='ltr'><strong>munimine</strong></span> <span class='ocrx_word' id='word_1_287' title='bbox 696 4299 874 4368; x_wconf 87' lang='lat' dir='ltr'><strong>roboratas.</strong></span> <span class='ocrx_word' id='word_1_288' title='bbox 895 4299 1014 4366; x_wconf 90' lang='lat' dir='ltr'><strong>Datum</strong></span> <span class='ocrx_word' id='word_1_289' title='bbox 1031 4318 1091 4384; x_wconf 90' lang='lat' dir='ltr'><strong>per</strong></span> <span class='ocrx_word' id='word_1_290' title='bbox 1122 4320 1238 4368; x_wconf 82' lang='lat' dir='ltr'><strong>manus</strong></span> 
     </span>
    </p>
   </div>
   <div class='ocr_carea' id='block_1_22' title="bbox 12 4398 1238 4514">
    <p class='ocr_par' dir='ltr' id='par_1_22' title="bbox 12 4398 1238 4514">
     <span class='ocr_line' id='line_1_37' title="bbox 12 4398 1238 4514; baseline -0.014 -36"><span class='ocrx_word' id='word_1_291' title='bbox 12 4415 16 4514; x_wconf 55' lang='grc' dir='ltr'>ξ</span> <span class='ocrx_word' id='word_1_292' title='bbox 115 4398 257 4486; x_wconf 77' lang='lat' dir='ltr'><strong>Magistri</strong></span> <span class='ocrx_word' id='word_1_293' title='bbox 288 4403 456 4474; x_wconf 89' lang='lat' dir='ltr'><strong>Benedicti</strong></span> <span class='ocrx_word' id='word_1_294' title='bbox 480 4405 600 4474; x_wconf 82' lang='lat' dir='ltr'><strong>Sancte</strong></span> <span class='ocrx_word' id='word_1_295' title='bbox 616 4406 851 4490; x_wconf 85' lang='lat' dir='ltr'><strong>Strigoniensis</strong></span> <span class='ocrx_word' id='word_1_296' title='bbox 868 4406 1018 4475; x_wconf 78' lang='lat' dir='ltr'><strong>Ecclesia</strong></span> <span class='ocrx_word' id='word_1_297' title='bbox 1033 4405 1149 4491; x_wconf 85' lang='lat' dir='ltr'><strong>Electi,</strong></span> <span class='ocrx_word' id='word_1_298' title='bbox 1163 4405 1238 4475; x_wconf 73' lang='lat' dir='ltr'><strong>Per.</strong></span> 
     </span>
    </p>
   </div>
   <div class='ocr_carea' id='block_1_23' title="bbox 12 4509 1239 4601">
    <p class='ocr_par' dir='ltr' id='par_1_23' title="bbox 12 4509 1239 4601">
     <span class='ocr_line' id='line_1_38' title="bbox 12 4509 1239 4601; baseline 0.011 -31"><span class='ocrx_word' id='word_1_299' title='bbox 12 4517 14 4586; x_wconf 64' lang='grc' dir='ltr'><em>ξ</em></span> <span class='ocrx_word' id='word_1_300' title='bbox 116 4509 263 4594; x_wconf 85' lang='lat' dir='ltr'><strong>petrique</strong></span> <span class='ocrx_word' id='word_1_301' title='bbox 280 4509 415 4580; x_wconf 76' lang='lat' dir='ltr'><strong>Comitis</strong></span> <span class='ocrx_word' id='word_1_302' title='bbox 432 4512 495 4582; x_wconf 91' lang='lat' dir='ltr'><strong>loci</strong></span> <span class='ocrx_word' id='word_1_303' title='bbox 503 4512 665 4601; x_wconf 86' lang='lat' dir='ltr'><strong>eiusdem,</strong></span> <span class='ocrx_word' id='word_1_304' title='bbox 682 4515 843 4601; x_wconf 83' lang='lat' dir='ltr'><strong>Prepesiti</strong></span> <span class='ocrx_word' id='word_1_305' title='bbox 869 4512 1042 4599; x_wconf 89' lang='lat' dir='ltr'><strong>Budeusis,</strong></span> <span class='ocrx_word' id='word_1_306' title='bbox 1058 4512 1134 4579; x_wconf 89' lang='lat' dir='ltr'><strong>aule</strong></span> <span class='ocrx_word' id='word_1_307' title='bbox 1165 4535 1239 4583; x_wconf 90' lang='lat' dir='ltr'><strong>nos·</strong></span> 
     </span>
    </p>
   </div>
   <div class='ocr_carea' id='block_1_24' title="bbox 12 4597 1254 4817">
    <p class='ocr_par' dir='ltr' id='par_1_24' title="bbox 12 4597 1254 4817">
     <span class='ocr_line' id='line_1_39' title="bbox 12 4597 1239 4708; baseline 0.011 -32"><span class='ocrx_word' id='word_1_308' title='bbox 12 4597 14 4652; x_wconf 68' lang='lat'>1</span> <span class='ocrx_word' id='word_1_309' title='bbox 117 4622 160 4680; x_wconf 90' lang='lat' dir='ltr'><strong>tre</strong></span> <span class='ocrx_word' id='word_1_310' title='bbox 188 4617 477 4708; x_wconf 79' lang='lat' dir='ltr'><strong>vicecancellarij,</strong></span> <span class='ocrx_word' id='word_1_311' title='bbox 509 4621 619 4688; x_wconf 88' lang='lat' dir='ltr'><strong>dilecti</strong></span> <span class='ocrx_word' id='word_1_312' title='bbox 652 4641 691 4687; x_wconf 88' lang='lat' dir='ltr'><strong>ac</strong></span> <span class='ocrx_word' id='word_1_313' title='bbox 721 4621 828 4689; x_wconf 86' lang='lat' dir='ltr'><strong>tidelis</strong></span> <span class='ocrx_word' id='word_1_314' title='bbox 858 4621 970 4703; x_wconf 90' lang='lat' dir='ltr'><strong>nostri,</strong></span> <span class='ocrx_word' id='word_1_315' title='bbox 1005 4640 1091 4687; x_wconf 88' lang='lat' dir='ltr'><strong>anno</strong></span> <span class='ocrx_word' id='word_1_316' title='bbox 1107 4621 1239 4689; x_wconf 90' lang='lat' dir='ltr'><strong>Domini</strong></span> 
     </span>
     <span class='ocr_line' id='line_1_40' title="bbox 116 4720 1254 4817; baseline 0.011 -31"><span class='ocrx_word' id='word_1_317' title='bbox 116 4720 280 4792; x_wconf 82' lang='lat' dir='ltr'><strong>millesimo</strong></span> <span class='ocrx_word' id='word_1_318' title='bbox 298 4727 368 4794; x_wconf 76' lang='grc' dir='ltr'><strong>00ο</strong></span> <span class='ocrx_word' id='word_1_319' title='bbox 383 4729 624 4816; x_wconf 88' lang='lat' dir='ltr'><strong>septuagesimo</strong></span> <span class='ocrx_word' id='word_1_320' title='bbox 641 4735 768 4817; x_wconf 90' lang='lat' dir='ltr'><strong>quarto,</strong></span> <span class='ocrx_word' id='word_1_321' title='bbox 783 4730 925 4798; x_wconf 85' lang='lat' dir='ltr'><strong>secundo</strong></span> <span class='ocrx_word' id='word_1_322' title='bbox 951 4728 1114 4797; x_wconf 84' lang='lat' dir='ltr'><strong>kalendas</strong></span> <span class='ocrx_word' id='word_1_323' title='bbox 1147 4730 1254 4798; x_wconf 42' lang='lat' dir='ltr'><strong>Octo*</strong></span> 
     </span>
    </p>
   </div>
   <div class='ocr_carea' id='block_1_25' title="bbox 0 0 1608 5188">
    <p class='ocr_par' dir='ltr' id='par_1_25' title="bbox 0 0 1608 5188">
     <span class='ocr_line' id='line_1_41' title="bbox 0 0 1608 5188; baseline 0 0"><span class='ocrx_word' id='word_1_324' title='bbox 0 0 1608 5188; x_wconf 95' lang='lat' dir='ltr'><strong> </strong></span> 
     </span>
    </p>
   </div>
  </div>
 </body>
</html>
