3096 5202
831 409 1066 530 ...em

345 635 377 698 et
392 631 427 697 in
441 629 522 696 loeis
538 625 795 696 molendinorum
811 623 918 692 adhue
935 625 1048 692 vnenis
1067 626 1218 722 equalem
1238 629 1353 710 partes
1378 625 1473 692 habe·

347 739 427 804 bnnt
456 735 648 822 porcionem.
682 736 764 802 item
797 733 959 819 possessio
991 733 1151 814 Zuboruh,
1177 735 1291 800 etniin
1311 734 1472 819 possessio

347 843 455 912 Baika
469 841 609 929 nomine,
626 861 697 910 enm
714 840 809 910 terris
825 840 949 908 ibidem
963 840 1142 925 acquisitis,
1161 847 1193 906 et
1225 841 1377 908 omnibus
1408 860 1472 926 per·

347 950 499 1037 tinenoiJs
525 949 603 1037 suis,
620 955 788 1018 cesserunt
803 949 961 1033 Megisten
978 948 1114 1033 Etrueh3
1140 956 1171 1014 et
1187 967 1246 1033 pro
1263 947 1337 1016 istis
1354 947 1475 1015 dnobus

347 1057 606 1144 possessionibus
637 1055 793 1140 Magister
824 1055 979 1123 Nicotaus
1014 1053 1115 1123 hebet
1147 1062 1265 1122 terrem
1305 1055 1475 1122 Bohoinnk

347 1163 499 1231 similiter
525 1183 596 1230 enm
622 1162 833 1248 pertineneijs
859 1163 937 1230 suis.
965 1162 1047 1228 Item
1067 1159 1225 1229 medietas
1240 1162 1365 1229 montis
1381 1171 1413 1230 et
1428 1183 1475 1230 es·
1528 1235 1531 1240 Δ

347 1273 405 1341 stri
422 1269 525 1338 Osdin
541 1270 660 1358 venuti,
675 1275 708 1335 et
722 1268 857 1356 paleeij,
885 1268 1070 1356 incipiendo
1089 1290 1110 1335 e
1141 1289 1241 1355 muro,
1274 1287 1341 1352 qno
1374 1269 1473 1356 ipsum

347 1377 511 1466 peiaeinm
543 1386 593 1446 est
625 1378 765 1446 diuisum
782 1397 803 1442 n
819 1383 911 1462 pnrte
941 1376 1038 1463 silue,
1055 1376 1153 1444 oessit
1166 1374 1323 1460 Magistro
1341 1377 1475 1458 iitrnoh;

348 1488 417 1554 siin
432 1507 509 1555 vero
526 1486 683 1554 medietas
699 1485 829 1572 montis,
855 1486 954 1551 nestri
971 1489 1004 1552 et
1020 1484 1142 1572 pulaoij
1159 1486 1201 1550 eb
1220 1485 1347 1552 oriente
1376 1502 1473 1551 remn-
1544 1534 1545 1537 ,

346 1602 403 1662 net
433 1592 594 1678 Magistro
624 1592 767 1660 Nioolno.
799 1593 881 1659 Item
914 1612 991 1678 pars
1009 1597 1144 1676 mrnqne
1169 1589 1371 1677 jobngiones
1394 1611 1473 1677 snos,

346 1721 427 1786 quos
442 1702 639 1789 habuerunt,
655 1701 698 1768 de
713 1701 818 1786 terris,
833 1717 914 1784 quus
940 1700 1031 1785 prins
1060 1699 1238 1786 hebebant,
1268 1707 1364 1768 trans
1394 1698 1475 1765 serre

349 1809 453 1876 libere
469 1805 513 1874 ed
528 1815 649 1876 terrum
666 1809 719 1874 uel
734 1812 839 1874 terrun
854 1813 1000 1892 possunt,
1016 1825 1079 1890 qne
1103 1807 1137 1871 in
1154 1805 1301 1892 presenti
1317 1804 1474 1871 diuisione

347 1917 410 1985 sibi
436 1923 512 1984 snut
541 1935 601 2001 pro
632 1933 693 1982 sun
721 1913 875 1999 porcione
906 1913 1093 1999 assignete3
1116 1919 1149 1980 et
1179 1911 1206 1980 si
1236 1933 1301 1998 qne
1337 1913 1472 2000 pureinn

342 2023 540 2108 jobegiones
556 2021 693 2090 alterins
708 2019 812 2106 pertis
828 2019 998 2108 detineret,
1012 2021 1064 2088 uei
1080 2021 1122 2087 de
1140 2020 1222 2088 ville
1238 2019 1310 2088 eius
1327 2021 1471 2088 receden-

346 2136 398 2196 tes
413 2129 458 2195 ud
473 2149 566 2196 sunm
582 2127 694 2196 villern
710 2147 902 2212 quoeunque
921 2127 1017 2195 modo
1047 2129 1222 2214 reciperem
1245 2148 1307 2212 pro
1338 2127 1468 2212 singulis

346 2235 566 2304 mansionibus
593 2234 805 2320 jobngionnm
824 2233 895 2304 siue
913 2223 1053 2302 detentis
1069 2233 1140 2303 sine
1157 2231 1295 2320 reseptis
1312 2233 1347 2300 in
1363 2235 1469 2301 vilium

346 2363 448 2430 suem,
465 2343 579 2412 decem
602 2362 729 2411 meroes
753 2344 883 2411 soluere
915 2349 1074 2410 tenentur.
1105 2343 1259 2409 Preteree
1289 2341 1469 2426 obtigerunt

345 2450 448 2518 eniam
478 2457 636 2537 supertes
667 2469 778 2518 eorem
809 2448 913 2527 nobis,
930 2450 1016 2533 qnod
1032 2451 1060 2517 si
1077 2469 1140 2532 qne
1158 2468 1270 2518 eernrn
1287 2454 1466 2534 presentem

346 2556 539 2626 dinisionem
555 2563 757 2646 retrneteret,
770 2557 857 2641 perti
875 2557 1012 2626 adnerse
1030 2557 1136 2643 ipsam
1156 2555 1353 2624 diuisionem
1370 2559 1467 2626 obser-

345 2665 436 2732 nenti
465 2671 613 2734 tenentur
629 2665 755 2734 soluere
775 2670 901 2732 eentum
917 2685 1055 2735 meroes.
1072 2668 1194 2733 Datum
1209 2666 1243 2732 in
1259 2671 1381 2734 oetsun
1396 2667 1467 2732 Bee-

345 2780 450 2840 torum
477 2772 564 2840 Petri
582 2779 613 2840 ei
629 2773 721 2840 Pauli
738 2773 969 2858 Apostolorum
985 2793 1070 2842 unno
1085 2771 1216 2839 Domini
1232 2772 1406 2842 millesimo
1419 2773 1467 2838 dn·

345 2881 521 2949 centesimo
530 2880 770 2967 septuagesimo
788 2899 882 2946 nono.

263 3123 266 3134 ,
346 3078 613 3139 (mosomusmert.
639 3076 708 3129 bero
735 3077 841 3143 veesey
859 3077 1007 3129 wastineti
1031 3077 1235 3144 serite-ejunii
1259 3075 1467 3138 leveltnribnn.)

870 3901 946 3968 226.

340 4096 390 4164 Au
407 4099 475 4186 eprs'
490 4099 715 4188 kdptolonnok
738 4099 1011 4184 tteoepetpteoete,
1026 4099 1109 4186 hopy
1124 4121 1165 4166 oz
1181 4098 1294 4164 Ateus·
1309 4097 1463 4164 moleste
1543 4119 1546 4152 ι

341 4207 401 4273 liele
416 4203 697 4294 Sebestyenfo'ldet
712 4207 843 4274 eloettdt
860 4205 1082 4288 Attrecteoeu
1099 4207 1197 4272 Peter
1206 4207 1336 4290 fierualt
1371 4208 1461 4271 1279.
1544 4239 1546 4300 !

445 4404 514 4471 uos
543 4402 700 4471 nieoraus
731 4402 773 4467 ne
805 4401 895 4469 sara
925 4400 1031 4486 noni
1056 4401 1228 4486 Hungerie
1242 4402 1415 4470 enatem
1429 4408 1458 4468 o
1540 4359 1546 4486 r}

337 4509 446 4579 Jndex
462 4513 676 4580 comanorum
691 4511 806 4577 demus
821 4529 882 4596 pro
898 4509 1063 4593 memoria,
1085 4508 1172 4594 qnod
1198 4527 1270 4576 unm
1302 4511 1458 4578 Sebastiu·
1544 4535 1546 4552 2

339 4639 398 4684 nus
415 4617 514 4686 iiiiuis
529 4621 672 4688 Lorsndi
689 4620 730 4687 ds
740 4618 838 4688 Aban
852 4617 1045 4684 Ladinlunm
1062 4617 1268 4721 Wayuouam
1284 4619 1457 4688 'irensilne-
1544 4663 1546 4678 .

340 4724 495 4812 mensem,
509 4727 714 4814 Dyonisium,
741 4726 914 4795 Nicolaum
932 4733 965 4791 et
996 4724 1186 4794 Miehneienr
1219 4726 1306 4794 tilios
1338 4729 1454 4804 Desew,
