3160 5200
829 293 988 397 Q

346 489 453 558 adhue
468 510 533 558 non
549 497 767 577 exposuerant
782 492 975 578 vendieioni,
1006 489 1102 558 oessit
1117 498 1150 557 et
1165 491 1325 560 remansit
1340 491 1469 559 Kiliano

346 603 380 665 ot
394 599 517 667 Jaeobo
533 598 609 684 tilijs
624 597 766 686 Kiliani;
791 599 897 685 Petro,
913 599 976 667 Sur
993 606 1026 667 et
1041 598 1172 666 Andree
1187 599 1267 686 filijs
1284 599 1404 668 Juenbi
1421 619 1469 685 pu·

347 704 503 790 truelibue
518 704 552 770 in
569 714 760 792 perpetuum
776 707 911 793 paeifioe
926 705 1134 792 possidenda.
1175 706 1245 773 Hoe
1276 713 1389 774 tamen
1422 725 1469 774 eu·

347 832 473 900 presso,
490 810 578 896 qnod
593 812 636 879 ab
653 814 803 882 omnibns
829 813 1079 900 impetitoribus,
1107 833 1297 898 quacunque
1328 814 1469 901 paroium

348 920 533 1007 impetente,
549 938 648 1007 snper
664 923 751 989 laeto
767 926 852 990 terre
876 921 964 991 Bika
994 927 1131 1006 utraque
1162 941 1238 1008 pars
1268 941 1304 990 se
1336 923 1469 988 inuioen

349 1027 569 1113 communiter,
583 1028 735 1096 videlieet
750 1030 911 1096 eommnni
927 1048 999 1096 unm
1014 1027 1130 1096 labore
1145 1037 1178 1097 et
1201 1029 1353 1115 expensis
1383 1033 1468 1097 tene·

349 1144 400 1204 tnr
417 1134 583 1222 expedire,
613 1135 787 1205 defendere
803 1144 835 1205 et
851 1137 936 1205 tueri
950 1157 1078 1223 semper
1093 1145 1127 1205 et
1158 1137 1288 1222 ubique,
1318 1137 1404 1206 sient
1433 1137 1469 1204 ad

349 1243 410 1312 boe
425 1249 533 1328 partes
550 1265 585 1313 se
601 1244 788 1328 obligarunt
803 1253 982 1331 spontanea
997 1245 1171 1312 voluntate.
1208 1243 1280 1311 Hoc
1305 1266 1370 1313 non
1402 1265 1468 1330 pre·

349 1352 508 1432 termisso,
540 1351 625 1437 quod
641 1352 849 1438 supradictas
866 1351 977 1420 deeem
995 1371 1122 1420 mareas
1138 1351 1355 1438 prenominati
1372 1352 1469 1420 Comi-

350 1466 399 1526 tes
413 1456 587 1527 Ladizlans
603 1467 635 1526 et
651 1459 809 1528 Nioolaus
826 1459 946 1528 debent
961 1460 1096 1526 reddere
1113 1465 1145 1526 et
1169 1457 1342 1528 refundere
1372 1459 1467 1544 predi-

350 1567 410 1635 otis
426 1567 591 1635 Demetrio
608 1575 641 1636 et
657 1568 822 1656 Stephano
838 1568 916 1654 filijs
929 1567 1054 1635 Mathai
1078 1570 1115 1634 in
1145 1566 1304 1650 vigesimo
1336 1569 1467 1635 seeundo

351 1673 406 1742 die
422 1673 675 1760 Epiphaniarnm
692 1676 826 1743 Domini
842 1695 951 1743 eoram
977 1676 1071 1742 nobis
1087 1675 1121 1740 in
1153 1674 1319 1758 condigna
1349 1674 1466 1742 estima-

353 1781 447 1850 eione
463 1783 591 1870 partim,
605 1790 637 1852 et
652 1785 772 1869 partim
788 1785 821 1850 in
838 1783 982 1869 denarijs
999 1784 1180 1866 bandinus,
1199 1802 1258 1850 sex
1274 1802 1397 1867 pensas
1411 1792 1488 1868 pro·

355 1909 468 1958 maroa
484 1889 716 1977 eomputand03
739 1890 782 1956 ad
798 1910 933 1974 quarum
950 1890 1081 1974 quidem
1097 1908 1156 1957 aex
1170 1909 1348 1974 pensarum
1372 1908 1466 1955 nume-

352 2017 421 2063 rum
447 1998 503 2063 fiet
533 1995 701 2063 estimonio
732 1995 930 2082 supradicta.
969 1996 1127 2082 Dieimns,
1157 1995 1243 2079 quod
1275 2000 1388 2079 partes
1415 1997 1465 2062 sub

353 2102 466 2169 eadem
485 2123 570 2188 pena
585 2104 822 2188 qninquaginta
847 2123 1029 2172 marearum
1060 2104 1201 2170 tolerant
1231 2111 1264 2170 et
1294 2105 1464 2170 tolerabunt

357 2213 418 2278 hoo
433 2211 602 2279 arbitrium
617 2211 651 2277 in
666 2218 735 2279 toto
751 2211 802 2279 vel
818 2212 852 2278 in
869 2217 975 2298 parte,
997 2212 1083 2279 sient
1099 2210 1247 2295 superius
1278 2210 1462 2292 declaretur,

353 2324 385 2386 et
401 2317 506 2385 eeiam
522 2317 556 2384 in
571 2317 813 2386 memorialibus
828 2319 946 2386 nostris
961 2318 1089 2386 litteras
1106 2317 1267 2403 prioribus
1278 2317 1463 2394 eontinetur;

352 2423 562 2491 nihilominus
579 2426 724 2508 utrisque
740 2426 899 2512 partibus,
913 2445 934 2490 a
950 2424 1044 2492 modo
1061 2426 1155 2492 simul
1171 2426 1223 2492 vel
1240 2443 1300 2510 per
1316 2445 1352 2492 se
1366 2424 1463 2491 adnos

353 2529 559 2598 redeuntibus
575 2531 685 2599 littera
700 2552 772 2600 eum
783 2530 934 2618 presenti,
951 2530 1101 2600 dabimus
1112 2529 1323 2617 priuilegium
1335 2538 1462 2597 nostmm

353 2633 529 2704 seeundum
546 2643 691 2705 tenorem
709 2637 912 2721 presencium
944 2637 1138 2706 litterarum.
1177 2637 1341 2722 Sepedioti
1369 2641 1462 2704 auten

353 2745 411 2829 filij
430 2743 551 2812 Mathai
569 2743 644 2812 huie
659 2743 754 2812 totali
771 2745 905 2812 arbitrio
921 2745 954 2810 in
970 2745 1060 2812 nullo
1076 2745 1207 2831 penitus
1218 2744 1462 2812 eontradieentea

353 2851 537 2940 peremnia
553 2860 587 2918 et
601 2852 733 2936 singula
750 2857 817 2918 tum
834 2871 1027 2920 eonsensum
1043 2854 1238 2921 beneuolnnr
1265 2851 1462 2921 adhibuerunt

355 2962 585 3046 approbantes.
609 2962 731 3028 Datum
747 2959 781 3027 in
798 2959 883 3027 sesto
900 2959 1000 3028 Beate
1015 2959 1162 3046 Virginis
1188 2960 1364 3030 (lutherius
1387 2976 1460 3024 anno
1561 3031 1563 3048 ἶ

354 3067 485 3136 Domini
502 3067 672 3136 millesimo
689 3067 908 3135 dueentesimo
925 3069 1135 3153 nonagesimo
1149 3066 1265 3152 primo.
1561 3057 1563 3070 ’

391 3264 427 3324 (Δ
447 3265 521 3327 pderi
541 3266 734 3330 lrtptalannak
755 3265 866 3316 taes-ld
884 3263 1049 3324 attrabatur,
1069 3266 1142 3316 mint
1160 3263 1244 3315 aluno
1263 3268 1324 3316 444.
1344 3278 1378 3314 aa
1398 3261 1429 3326 a.)
