3102 5196
576 365 698 468 ,rm

81 562 267 632 familiaris
282 563 421 632 olerious
437 570 547 632 noster
563 561 607 630 ad
625 568 769 630 nostram
786 559 947 629 secedens
975 559 1179 647 presentiam
1204 580 1225 626 a

85 669 189 739 nobis
214 671 313 759 peeijt
339 672 524 758 diligenter,
555 677 590 739 vt
622 669 785 755 quandam
818 674 937 735 terram
969 666 1227 736 wduoruioorum

86 785 276 848 nostrorum
301 779 410 867 Sardy
441 788 604 867 rotatum,
632 779 666 844 iu
683 777 762 845 villa
777 776 864 844 Kaal
880 776 913 843 iu
940 775 1103 844 comitatu
1134 773 1228 844 Zala-

87 888 203 957 dieusi
216 888 429 977 adlabentem,
445 889 518 957 usui
534 889 670 956 duorum
696 892 876 953 aratrorum
907 884 1132 972 sufficientem,
1164 905 1228 970 que

83 996 226 1081 quidem
242 1017 350 1066 vaona
365 1004 399 1064 et
413 995 658 1065 habitatoribus
682 994 842 1063 destituta
872 989 987 1082 luerat,
1018 991 1123 1061 eidem
1155 1011 1225 1060 eou-

1 1118 2 1125 ’
83 1104 177 1171 terre
192 1105 235 1172 de
251 1103 453 1190 benignitate
468 1103 572 1189 Regia
589 1102 808 1189 dignaremur.
823 1101 893 1168 Nos
909 1099 1018 1190 igitur,
1036 1101 1086 1168 oui
1101 1121 1142 1168 ox
1158 1099 1227 1168 ofli-

84 1211 143 1278 eio
161 1213 305 1298 suseepti
323 1212 489 1299 regiminis
505 1212 663 1280 iuoumbit
679 1212 786 1278 metiri
813 1209 929 1292 merita
953 1207 1165 1297 singulorum,
1196 1212 1228 1274 et

1 1310 5 1403 ἶ,
88 1318 209 1404 dignis
240 1341 299 1406 pro
315 1319 440 1388 meritis
454 1317 667 1406 respondam
691 1314 960 1386 commendabilia
975 1313 1169 1384 fidelitatum
1197 1319 1229 1381 st

1 1429 6 1462 ³·
88 1426 267 1496 meritoria
283 1428 441 1512 obsequia
457 1427 561 1515 ipsius
577 1425 727 1510 Magistri
742 1426 861 1514 Kolyu,
894 1443 958 1509 que
972 1422 1059 1491 idem
1075 1423 1109 1491 in
1142 1421 1228 1490 dele·

1 1525 2 1563 ³
87 1533 211 1602 rendiu
225 1534 450 1620 legaoionibus
465 1535 587 1604 uostris
603 1532 743 1602 fideliter
759 1531 906 1603 exhibuit
922 1537 955 1599 et
970 1529 1139 1617 inposuit,
1156 1550 1224 1618 prs·

1 1654 2 1709 4
86 1641 197 1710 latam
214 1649 332 1712 terram
349 1640 607 1711 uduoruioorum
625 1649 807 1710 uostromm
833 1639 941 1726 Sordy
971 1645 1122 1708 rooalam
1154 1655 1226 1706 uum

1 1745 2 1820 3
86 1753 164 1819 suis
190 1749 383 1819 utilitatibus
399 1757 432 1818 et
446 1749 659 1838 pertiusnoijs
674 1749 847 1836 ruiuersis,
864 1747 969 1818 vineis
985 1749 1122 1833 soiliuot,
1152 1765 1227 1832 pra·

1 1882 2 1952 t
86 1860 145 1947 tis,
165 1859 262 1927 siluis
279 1867 312 1925 et
326 1859 423 1927 terris
440 1859 629 1948 arabilibus,
660 1858 838 1927 seouuduru
857 1855 944 1943 quod
974 1876 1034 1944 per
1062 1854 1224 1943 predictos

1 1955 2 1962 '
85 1967 301 2035 wduomioos
318 1969 464 2036 limitata
479 1967 586 2037 lueret
602 1974 635 2035 et
665 1986 830 2054 possessa,
862 1971 1038 2034 memorato
1069 1964 1224 2050 Magistro

1 2075 3 2108 l
86 2076 233 2162 Kolyno,
266 2083 299 2144 et
314 2095 374 2162 per
399 2095 473 2144 eum
504 2075 573 2144 suis
603 2073 769 2160 fratribus,
801 2074 976 2162 Ryohardo
1007 2068 1159 2141 videlieet
1192 2078 1225 2138 et

88 2183 242 2270 Byrrius,
267 2201 307 2249 ao
324 2182 467 2269 ipsorum
485 2182 659 2252 heredibus
676 2182 900 2268 heredumque
914 2201 1046 2249 suorum
1063 2197 1226 2248 suecesso-

86 2291 185 2358 ribus
201 2289 272 2357 iure
286 2299 446 2376 perpetuo
478 2298 510 2359 et
541 2289 800 2359 irrenooahiliter
831 2290 991 2376 dedimus,
1021 2287 1225 2375 donauimuu,
1273 2357 1280 2366 ,
1334 2325 1339 2332 ·

1 2391 2 2459 l
86 2394 294 2466 eontulimus
309 2404 407 2481 atque
424 2396 618 2466 tradidimus
634 2397 770 2484 paoilioe
786 2403 819 2465 ot
845 2396 955 2481 quiete
981 2395 1224 2482 possidendam.
1320 2445 1331 2464 ,

1 2518 2 2532 ’
87 2508 130 2573 Iu
148 2507 243 2572 euius
256 2505 302 2572 rei
333 2507 520 2574 memoriam
554 2511 818 2603 perpetuamque⁸
841 2504 1026 2572 firmitatem
1055 2509 1226 2589 presentes

1 2618 2 2696 t
89 2611 313 2680 concessimus
347 2613 473 2682 litteras
497 2613 663 2700 duppliois
688 2612 791 2700 sigilli
818 2614 918 2680 nostri
940 2609 1120 2680 munimine
1131 2611 1225 2680 roho·

1 2765 2 2818 ;
89 2726 195 2790 ratas.
213 2723 332 2788 Datum
348 2739 407 2806 per
423 2741 540 2790 manus
564 2720 698 2790 disereti
731 2722 791 2790 riri
823 2719 972 2806 Magistri
1004 2719 1225 2788 bartholomei

91 2830 258 2918 Prepositi
274 2830 484 2916 Zepnsieusis
499 2831 585 2899 Aule
610 2837 720 2902 nostre
750 2828 1026 2916 Vioellauoellarij
1058 2828 1167 2900 dileoti
1193 2836 1226 2898 et

1 2939 2 2994 ξ
45 2977 54 2986 -
90 2938 203 3007 tidelis
219 2939 317 3006 nostri
333 2957 421 3007 auno
437 2939 567 3006 Domini
583 2938 848 3008 mbcmxxx⁰
862 2939 973 3027 toreio,
992 2939 1096 3023 Regni
1117 2948 1224 3007 antem

1 3032 2 3126 j
91 3047 196 3114 nostri
213 3066 300 3114 auno
315 3044 493 3116 rudeoimo.

1 3218 2 3312 J
94 3245 241 3306 (heristis
253 3245 439 3313 borhtrtydm
458 3245 715 3312 sold-iuolyaszlnu
727 3243 966 3312 selyemzsiubron
978 3243 1092 3311 ldggdtt
1101 3243 1226 3311 peosdtje

160 3337 318 3402 elresastt3
345 3353 363 3388 a
381 3337 491 3390 ldmtlt.
509 3337 630 3402 berozeg
648 3335 820 3400 Esaterhdzy
840 3334 934 3386 esaltd
953 3335 1167 3400 lertltdrtban)

206 4799 311 4846 101111.
326 4803 408 4846 me.
423 4803 495 4845 ΙῙΒΤ.
510 4813 551 4830 -·
569 4805 640 4845 Dss’lr.
656 4803 723 4843 xm·
