3162 5200
91 1 167 40 sst‘!
225 16 237 29 η
271 2 277 14 n
355 2 365 15 a

132 34 146 54 ,ι
237 47 242 54 ι
262 45 271 53 n

54 78 60 87 ι

42 120 51 129 ι

26 166 31 177 Ι

155 215 165 224 ,

18 423 20 438 l

18 581 19 586 ἵ
71 595 205 663 realium
229 597 291 662 ‘cel
323 597 557 684 personalium,
574 597 627 664 vel
642 596 781 668 alicuius
800 598 937 690 citerius
953 598 1084 680 offense,
1101 617 1163 682 qne
1179 603 1214 665 et

67 723 151 788 unas
164 703 316 771 homines
334 708 367 770 et
382 703 560 772 Commune
576 702 703 790 Spalati
726 724 784 792 per
800 725 836 771 se
853 705 905 772 vel
921 724 981 791 per
996 704 1081 772 alios
1113 701 1210 772 fecis-

69 817 142 878 sent
169 829 229 878 ssu
257 812 331 880 lieri
346 812 501 882 fecissent
520 811 706 880 hominibus
722 818 756 880 et
772 813 942 881 commoni
959 811 1131 898 Tragurij5
1157 812 1212 879 vel
1269 841 1275 848 ·

76 919 215 986 homines
235 926 268 988 et
289 921 470 988 Commune
501 920 651 1010 Tragurij
685 921 839 990 fecissent
869 923 922 990 vel
953 921 1022 988 fieri
1052 918 1209 987 fecissent

68 1025 252 1096 bominibus
285 1026 510 1096 etilommuni
541 1028 680 1116 Spalati,
713 1035 779 1096 tam
797 1030 831 1096 in
862 1027 951 1098 dicta
966 1029 1069 1115 priori
1089 1047 1209 1114 guerra

77 1155 165 1219 quam
181 1135 215 1202 in
231 1139 395 1222 presenti,
412 1135 656 1226 sentencialiter
674 1137 864 1206 arbitrando
881 1145 914 1207 et
928 1136 1103 1205 diffinitiue
1119 1135 1209 1220 auliu-

18 1320 35 1330 ἵ,
70 1242 209 1310 clicaurlo
224 1245 328 1314 frncm
340 1246 553 1332 imponimus,
570 1253 602 1313 et
617 1244 747 1330 utrique
764 1245 897 1314 Ciuitati
907 1246 1076 1314 silencium
1093 1243 1210 1327 sempi-

78 1358 213 1436 ternum5
238 1356 275 1418 nt
290 1351 450 1442 deinceps
467 1353 557 1423 nullo
574 1372 717 1436 unquam
733 1363 880 1439 tempore
896 1351 1008 1438 aliqua
1033 1351 1209 1420 ciuitatum

72 1453 226 1526 dictarum
259 1458 393 1544 Spalati
424 1461 476 1527 vel
492 1459 645 1546 Tragurij
678 1459 838 1528 aduersus
869 1461 1003 1528 alteram
1021 1459 1205 1546 ciuitatem,

71 1566 124 1630 uel
137 1565 254 1649 aliquis
272 1586 317 1635 ex
334 1567 524 1636 concinibus
554 1567 715 1636 dictarum
746 1565 922 1636 (licitatum
952 1566 1114 1634 aduersus
1145 1566 1207 1632 ali·

79 1690 163 1755 quem
188 1673 296 1742 ciuem
322 1675 466 1743 alterins
497 1674 658 1762 Ciuitatis,
688 1675 759 1744 siue
774 1674 924 1744 homines
953 1674 1007 1742 vel
1030 1675 1207 1742 Commune

70 1777 217 1868 ‘Tragurij
236 1781 403 1850 aduersus
419 1782 578 1850 Comitem
595 1783 788 1868 Stcpconem
804 1783 845 1850 de
861 1781 1005 1865 Zectins,
1021 1781 1074 1847 vel
1105 1779 1207 1846 domi·

77 1885 188 1954 minum
217 1887 410 1956 Volcestsm
442 1887 606 1974 quondam
637 1889 758 1956 domini
789 1889 949 1974 Vulcigne
968 1888 1081 1972 lilium,
1097 1885 1202 1972 quiin

71 1995 225 2084 auritium
241 2003 407 2064 steterunt
431 1995 694 2082 Spalatensium3
718 1998 771 2066 vel
801 1997 977 2065 Commune
993 2002 1025 2062 et
1057 1995 1204 2064 homines

46 2097 258 2187 uesperam
289 2104 456 2172 aduersus
485 2105 671 2190 Iuppanum
704 2104 800 2173 Slcoc
831 2111 863 2174 et
879 2103 1057 2189 Steredem,
1089 2101 1203 2188 quiin

18 2271 20 2278 .
78 2208 223 2278 auxilinm
239 2211 503 2296 Tragureosium
520 2216 680 2279 steterunt
694 2212 727 2278 in
744 2212 807 2278 bac
826 2211 978 2280 videlicet
992 2230 1119 2298 guerra,
1144 2228 1205 2296 que

78 2318 320 2398 presencialiter
349 2317 532 2385 habebatur
562 2317 647 2385 inter
678 2319 836 2386 Ciuitates
870 2317 1002 2385 easdem
1028 2317 1202 2386 occasione

18 2409 23 2497 J
79 2421 204 2519 alicuius
219 2425 393 2509 homicidij
410 2425 463 2492 vel
479 2424 588 2510 prede,
606 2432 642 2490 nt
656 2426 777 2492 dictum
796 2431 855 2514 est,
881 2426 980 2494 realis
1011 2427 1063 2493 vel
1093 2445 1203 2515 perso·

18 2545 20 2622 J
74 2528 165 2616 uelis,
196 2551 257 2600 scu
289 2532 512 2615 cuiuscunque
544 2533 678 2599 alterius
703 2533 792 2600 modi
806 2532 861 2601 vel
881 2535 1013 2619 offense,
1028 2554 1099 2602 cum
1115 2533 1204 2602 insti·

18 2645 20 2698 i
76 2645 168 2720 gente
197 2639 334 2707 diabolo
365 2639 542 2707 homicidia
574 2640 676 2708 multo
707 2641 849 2726 plurima
879 2640 954 2707 hinc
986 2639 1064 2708 inde
1104 2640 1201 2728 priori

19 2824 20 2836 χ
80 2763 195 2835 guerra,
220 2768 324 2832 quam
340 2749 375 2813 in
391 2747 533 2832 presenti
549 2753 741 2833 perpetrata
757 2753 792 2814 et
806 2747 895 2814 facta
911 2753 1029 2832 essent,
1045 2747 1202 2819 infestare

19 2841 21 2896 ss
79 2871 128 2919 seu
142 2857 319 2922 molestare
335 2855 446 2922 valeat
464 2856 519 2922 vel
551 2851 679 2936 debeat,
713 2855 823 2922 necin
854 2837 966 2941 aliquo
996 2857 1198 2944 admonere,

19 2941 21 2960 '
78 2960 129 3046 sed
157 2962 189 3028 in
203 2981 289 3051 pace
307 2969 465 3048 perpetua
493 2967 629 3044 utreque
644 2961 802 3052 Ciuitates
822 2962 966 3030 debeant
980 2983 1198 3048 perseuerare,

76 3072 187 3137 necin
217 3089 385 3156 quoquam
416 3070 523 3137 altera
553 3068 690 3136 alteram
707 3069 741 3136 in
771 3072 921 3157 personis
953 3069 1117 3140 offendere
1146 3073 1200 3170 vel

78 3177 172 3248 robus.

19 3267 24 3282 ’
173 3287 215 3352 Et
231 3289 294 3354 bec
310 3283 439 3372 quidem
457 3284 565 3352 omnia
583 3289 616 3350 et
631 3286 761 3370 singula
778 3305 880 3372 supra
894 3287 1018 3371 scripta
1037 3306 1096 3353 nos
1128 3308 1199 3371 pre-

77 3397 197 3462 taxatus
229 3393 349 3462 comes
367 3395 526 3478 Georgius
541 3393 665 3473 Proeto,
682 3403 714 3460 et
729 3393 908 3461 Domaldns
924 3393 1059 3480 judices,
1075 3395 1197 3480 arbitri,

75 3500 276 3570 arbitratores
292 3501 583 3586 concordaberunt,
601 3500 827 3583 iaudauerunt,
845 3501 1064 3570 diffinioorunt
1078 3505 1198 3573 amica·

74 3605 164 3674 'bilem
192 3608 467 3694 composicionem
493 3607 667 3674 Cioitatnm
685 3609 922 3692 sepedictorum
939 3629 998 3696 per
1016 3611 1197 3699 arbitrium,

19 3701 21 3708 ’
79 3711 206 3800 laudum,
222 3713 430 3784 concordium
446 3721 544 3799 atque
560 3716 762 3783 sentenciam
773 3715 978 3783 diffinitiuam
990 3718 1201 3805 precipimus,

75 3821 252 3892 ordinamus
281 3833 381 3908 atque
412 3823 572 3904 volomus,
604 3843 662 3908 pro
678 3845 821 3908 veraque
847 3827 993 3910 ipsarum
1009 3825 1195 3910 Ciuitatum,

74 3938 218 4016 ‘perpetuo
235 3932 329 3998 firma
345 3939 378 3998 ot
393 3929 514 3996 retain
532 3931 681 3997 omnibus
712 3931 861 4017 capitulis
892 3929 1126 3997 inuiolabiliter
1141 3933 1195 4000 ob·

77 4041 191 4105 seruari
206 4041 267 4106 sub
282 4059 368 4124 pena
384 4037 518 4104 duarum
530 4038 665 4104 millium
677 4058 862 4104 marcarum
878 4041 1014 4122 argenti,
1029 4057 1110 4122 quas
1121 4059 1194 4107 con·

80 4145 250 4214 traueniens
282 4147 406 4213 (linitas
422 4145 464 4212 de
488 4145 581 4211 bonis
597 4146 647 4213 sui
666 4145 852 4213 Communis
869 4165 1061 4229 suorumque
1077 4145 1195 4212 ciuium

82 4251 206 4320 omnium
223 4256 352 4322 soluere
368 4259 525 4332 teneatur,
541 4251 750 4319 medietatem
770 4252 923 4320 videlicet
940 4251 1072 4319 Ciuiteti
1088 4251 1193 4338 altori,

78 4370 138 4436 que
155 4357 211 4426 bec
227 4367 340 4428 nostra
371 4358 539 4446 mandata,
573 4359 717 4445 laudum,
749 4360 916 4430 arbitrium
933 4367 966 4428 et
997 4359 1195 4427 sentenciam

20 4457 21 4462 ’
83 4461 296 4552 obscruouerit,
313 4475 345 4535 et
359 4467 459 4533 aliam
474 4466 683 4534 medietatem
695 4467 864 4535 Communi
874 4467 1025 4535 Ciuitatis
1040 4467 1194 4534 Jadcren·
1238 4556 1242 4564 Ι

20 4617 21 4622 1
86 4567 133 4654 sis,
161 4576 239 4658 quod
266 4576 444 4643 Commune
461 4595 518 4641 sco
535 4594 597 4659 que
615 4575 738 4642 Ciuitas
752 4594 811 4659 pro
829 4577 988 4643 ambabus
1003 4575 1083 4662 ipsis
1109 4572 1194 4641 ciui-

20 4673 22 4766 J
82 4676 191 4746 tatibus
219 4681 387 4764 fideiussit,
416 4690 448 4748 et
463 4681 506 4748 ad
522 4681 593 4770 hoc,
610 4683 698 4766 quod
715 4681 774 4750 bec
801 4690 912 4750 nostra
930 4681 1107 4767 sentencia,
1124 4681 1195 4750 lau·

611 401 677 467 229

562 491 724 519 ...Ἴ-.-
