3096 5202
8 469 100 563 buul,
131 479 411 563 causantibnsque
427 487 459 545 et
475 482 721 565 qrrerulanlibus
742 481 903 568 judicium
935 481 1074 568 sacient,
1100 483 1141 550 de

8 597 75 667 ano
89 584 216 666 quidem
230 586 363 670 judicio
381 587 523 672 ipsorum
541 589 708 656 a'mborum
721 588 879 656 Comitum
892 591 919 658 si
932 589 993 677 ipsi
1009 589 1141 674 litigen-
1236 560 1242 570 ι
1262 597 1265 602 ’

8 699 57 776 tes
88 695 378 782 conteutabnntur,
410 697 492 764 bene
524 699 673 786 quidem,
708 699 865 784 alioquin,
897 699 981 766 sieut
1011 699 1141 767 solitum
1242 695 1247 704 ”

8 797 128 884 fruisser,
160 803 355 872 huiusmodi
370 804 528 889 iudicium
545 811 577 871 et
595 807 664 875 eius
682 825 819 874 examen
836 827 893 892 per
909 814 1047 894 partem,
1079 827 1141 892 que

8 909 112 996 uellet,
138 909 173 976 in
207 910 352 985 Crisium
376 913 420 980 od
451 914 567 982 Sedem
598 914 809 982 Judieiariam
840 909 1006 982 Nobilium
1037 913 1140 1001 ipsius

8 1015 107 1102 ,negm
122 1017 308 1090 Solanonie
323 1043 382 1107 pro
397 1021 550 1090 babenda
581 1023 821 1090 deliberacione
852 1023 1065 1090 deduceretur
1079 1045 1087 1108 3
1110 1029 1143 1087 ot

15 1125 127 1211 rende,
156 1129 186 1194 si
201 1128 323 1214 aliqua
340 1129 486 1214 parcium
503 1131 612 1214 uellet,
645 1129 834 1198 adcuriem
867 1133 1018 1220 Regiam,
1050 1131 1142 1198 iuxta
1268 1119 1273 1131 ’

8 1235 182 1322 {libertatem
200 1235 368 1304 dictorum
384 1238 549 1322 nobilium,
565 1259 703 1306 examen
720 1237 903 1307 huiusmodi
910 1239 1027 1325 judicii
1038 1247 1140 1306 trans-

8 1341 88 1436 {ierre
102 1351 223 1430 posset.
259 1345 325 1412 Vbi
343 1353 453 1412 autem
469 1345 587 1431 aliquis
604 1346 790 1416 causidicus
806 1348 858 1414 vel
874 1347 1009 1431 litigans
1026 1366 1139 1414 eoram

8 1449 84 1536 ipsis
113 1451 274 1520 ambobus
309 1453 488 1521 comitibus
520 1454 728 1538 aliquatenus
760 1456 1014 1542 conuineeretur,
1058 1455 1140 1522 duas

8 1565 115 1644 :partes
132 1559 365 1646 birsagiorum,
382 1561 435 1627 vel
451 1559 588 1628 aliorum
605 1561 842 1650 grauaminum,
862 1561 981 1630 Comes
997 1563 1140 1648 prelato-

8 1647 76 1738 {rum
90 1666 228 1735 filiorum
246 1669 369 1753 prelati
386 1669 518 1736 Martini
534 1669 617 1736 Bani
634 1677 666 1737 et
693 1670 831 1758 domine,
865 1690 1039 1755 eorumque
1071 1688 1141 1736 sne-

19 1792 175 1860 eessornm,
203 1779 345 1844 terciam
363 1798 440 1845 uero
458 1783 633 1845 annotatus
650 1778 766 1844 Comes
782 1778 961 1846 Terrestris
993 1778 1138 1864 ipsorum

8 1881 200 1974 {Predialium
217 1904 353 1971 semper
368 1906 426 1970 pro
442 1905 478 1952 se
505 1885 689 1971 reciperent
713 1892 750 1960 ,er
780 1887 939 1952 tollerent.
978 1883 1048 1952 Neo
1078 1883 1141 1948 boo

8 1977 225 2079 pretermisso,
263 1991 354 2076 quod
371 1991 487 2079 prelati
505 1991 636 2059 domina
662 2001 694 2058 et
726 1991 887 2076 Georgius
919 1991 1004 2058 filius
1034 1990 1136 2076 ipsius

8 2091 131 2164 bertini
146 2097 242 2183 Beni,
260 2099 449 2167 nominibus
465 2120 599 2184 quorum
616 2119 726 2186 supra,
753 2098 869 2186 predia
885 2098 1079 2186 subscripta,
1106 2105 1139 2164 et

8 2203 176 2294 eorundem
193 2208 380 2290 particulas
396 2204 484 2294 (per)
502 2207 662 2292 prefatum
679 2207 857 2274 Martinam
873 2205 999 2272 Beuum
1017 2206 1061 2272 ab
1087 2204 1134 2272 eis

8 2317 152 2396 ssreeepms
169 2320 201 2379 et
217 2317 378 2398 alienata,
409 2313 564 2382 uidelicet
580 2314 762 2401 predictum
794 2313 941 2400 predium
974 2311 1137 2399 Rempocb

8 2451 9 2454 ¹
25 2419 143 2489 modam
156 2424 326 2493 lobannis
341 2423 397 2508 filij
414 2425 554 2491 Fabiani
572 2423 670 2492 nubili
688 2423 817 2490 domiue
833 2423 900 2489 filie
916 2441 976 2490 sue
1006 2421 1136 2508 conjugi

8 2519 142 2612 {predicti
157 2530 332 2599 Benedicti
348 2531 512 2618 blybeeb3
534 2530 611 2599 item
627 2529 775 2616 predium
801 2529 1036 2617 Fodorostyna‚
1068 2547 1137 2618 pre

8 2619 9 2638 ³
27 2637 80 2702 late
91 2636 243 2705 Ladislao
259 2637 330 2706 tilio
345 2637 524 2722 Mycbaelis
542 2637 598 2724 filij
617 2635 795 2723 Valentini,
812 2636 874 2704 snb
892 2633 1014 2702 eisdem
1031 2637 1135 2720 metis,

27 2743 404 2831 qdbustentafuissent3
429 2745 548 2814 deinde
579 2745 620 2811 de
650 2743 762 2832 predio
793 2743 960 2812 Saulselde
993 2743 1135 2813 sonetum

8 2843 224 2938 ‘quadraginta
240 2853 390 2922 curribus
405 2861 528 2940 aptum,
557 2851 644 2939 quod
675 2854 748 2940 ipse
781 2851 939 2918 Martinus
970 2850 1013 2917 ad
1043 2869 1136 2918 suam

8 2955 9 2958 ’
28 2961 171 3044 propriam
186 2961 313 3030 curiam
331 2959 372 3026 de
389 2959 577 3046 Tapnlouob
594 2958 815 3045 applicasset,
839 2958 914 3031 item
947 2956 988 3025 de
1019 2955 1132 3041 predio

29 3063 183 3134 bobauocb
200 3068 295 3136 illam
310 3069 504 3152 particulam
521 3073 606 3134 terre
621 3066 766 3152 arabilis,
783 3085 879 3148 quarn
896 3064 968 3148 ipse
977 3063 1134 3131 Martinus

8 3241 9 3246 ἵ
29 3169 122 3242 Rarus
137 3195 193 3259 pro
210 3195 247 3244 se
266 3173 311 3242 ad
328 3175 499 3242 Ciuitatem
516 3195 608 3242 suem
625 3171 756 3260 lleyche
775 3173 981 3258 applicasset,
1013 3169 1134 3237 Antho-

30 3276 73 3343 nio
87 3281 145 3348 filio
159 3281 329 3350 Valentini
346 3301 419 3348 cum
436 3279 590 3349 fratribus
607 3281 697 3362 suls3
721 3280 798 3346 item
825 3277 866 3344 de
891 3277 1003 3364 predio
1033 3277 1134 3345 Pribi·

29 3386 124 3472 noneb,
139 3389 199 3456 tria
215 3392 333 3473 iugera
349 3395 434 3456 terre
450 3387 598 3472 arabilis,
626 3395 657 3453 et
673 3407 771 3453 vnum
787 3384 928 3453 lebetum
938 3383 989 3452 'ad
1004 3401 1133 3471 posses·

8 3549 10 3562 .
31 3492 135 3562 sionem
148 3517 239 3564 snam
256 3495 398 3564 Konzka
414 3502 617 3580 occupatas3
650 3493 768 3560 deinde
798 3494 839 3558 de
870 3491 983 3577 predio
999 3490 1134 3559 Hrsnia-

31 3595 109 3667 leueb
122 3603 207 3672 illurn
224 3611 376 3690 montem,
393 3603 447 3686 qni
465 3609 543 3670 ante
558 3600 719 3686 prefatam
735 3598 865 3684 Reyebe
890 3597 1071 3686 haberetur,
1100 3607 1134 3668 et

33 3711 112 3786 quen
123 3711 190 3796 ipse
205 3713 364 3779 Martinus
382 3711 488 3778 eidem
504 3709 633 3796 Reyebe
651 3709 850 3794 applicasset
860 3735 871 3792 ,·
894 3712 970 3794 post
1001 3706 1061 3774 boe
1093 3707 1134 3774 de

8 3825 10 3864 ῑ
34 3816 125 3894 predio
138 3821 267 3908 Rcysrm
282 3821 372 3888 illem
389 3827 513 3906 partem
531 3837 602 3888 cum
620 3817 691 3884 loeo
709 3814 883 3884 cessionali
900 3814 1003 3901 ipsius
1019 3813 1133 3900 predii,

8 3909 9 3912 Ἴ
35 3939 100 4000 lusa
113 3925 180 4013 ipse
195 3930 355 3998 Martinus
373 3949 431 4014 pro
447 3948 483 3994 se
498 3926 676 4013 habuisset,
693 3924 825 3992 Vrbano
842 3923 907 3990 filio
923 3922 1073 4008 Fabiani,
1101 3927 1133 3990 et

36 4023 156 4101 duerieo
171 4037 235 4104 filio
251 4035 388 4102 Adriani
402 4061 409 4118 ;
432 4035 509 4101 item
526 4033 674 4120 predium
691 4031 930 4116 Radoslastyua
945 4049 987 4096 ex
1002 4029 1132 4112 integro

36 4128 156 4207 ilderico
170 4143 235 4212 filio
249 4143 401 4231 Fabiani,
417 4143 452 4208 in
468 4141 623 4210 heredum
640 4139 787 4225 heredes,
805 4139 864 4207 snb
884 4135 1131 4205 condicionibus

39 4245 63 4304 et
75 4243 259 4322 libertatibus
283 4250 436 4334 antiquis,
452 4249 522 4316 iure
537 4255 696 4335 perpetuo
709 4245 851 4315 tenenda
863 4243 1024 4310 duxerunt
1033 4243 1131 4329 plene

38 4342 91 4417 lure
103 4356 293 4444 remittenda,
326 4363 459 4429 eatenus
475 4356 575 4426 veluti
591 4356 639 4422 eis
655 4355 697 4421 ab
715 4355 848 4437 antiquo
874 4350 1128 4436 pertinuissent;

40 4455 189 4542 ruderum
205 4466 307 4533 eciam
322 4463 613 4549 Wulebakostyna,
647 4461 732 4548 quod
748 4482 806 4549 pro
824 4479 909 4525 nuno
935 4458 1006 4544 ipso
1035 4457 1131 4525 Nico·
1231 4485 1238 4496 ¹

8 4653 9 4656 Ἴ
40 4553 195 4650 batradus
209 4571 367 4666 possidet;
392 4577 424 4639 et
439 4573 525 4658 quo-l
546 4593 642 4638 vnum
661 4592 700 4640 ex
717 4565 810 4637 dietis
844 4563 965 4654 predijs
997 4564 1131 4652 proseri-
