3142 5198
861 341 1020 440 *334—

902 788 977 855 369.

377 985 435 1052 IV.
464 984 590 1048 loono
621 985 804 1070 kiedlycak
835 983 953 1071 Sdcdr,
977 987 1132 1073 soporat,
1156 987 1268 1068 Deltae,
1296 988 1491 1056 Zachaeus

380 1093 575 1162 Chedezdeth
606 1095 799 1182 helyadpeiet
832 1099 987 1181 tu‘tpsyazd
1016 1099 1197 1183 adomdnpa
1229 1097 1363 1185 Gydryp
1388 1111 1492 1179 mester,

669 1202 849 1268 Siotcnuele
856 1204 910 1286 fia
926 1209 1081 1274 szdmdrc.
1108 1208 1206 1274 1285.

479 1399 654 1468 Ladizlaus
687 1398 746 1468 Dei
778 1398 889 1484 gracia
920 1401 1099 1488 Hungarie,
1142 1402 1321 1489 Daimacie,
1356 1401 1492 1486 Groseie,

373 1511 482 1590 Reme,
497 1509 620 1595 Seruis,
637 1507 836 1593 Lodomerie‚
853 1506 1002 1594 Gallicis,
1020 1509 1177 1578 Gurnanie
1194 1503 1413 1594 Belgarieqne
1432 1512 1492 1578 Ber

372 1617 521 1684 omnihus
538 1636 670 1701 presens
685 1615 840 1705 seriptum
856 1615 1055 1701 inspecturis
1072 1616 1210 1685 salutem
1227 1617 1259 1685 in
1287 1637 1365 1686 vero
1395 1620 1493 1687 selua

373 1733 452 1791 tore.
490 1722 635 1791 Prouida
649 1723 773 1807 Regum
790 1723 945 1792 discrecio
961 1732 1026 1792 tarn
1043 1726 1311 1812 circumspectam
1339 1746 1416 1811 erga
1437 1725 1493 1794 sibi

373 1831 510 1905 fideliter
525 1831 721 1900 famulantes
739 1831 834 1898 debet
851 1833 972 1900 habere
988 1832 1208 1920 diligenciam,
1240 1839 1275 1899 vt
1291 1839 1413 1918 quanto
1428 1835 1493 1918 quis

373 1940 501 2009 fidelius
518 1942 581 2008 sibi
597 1940 785 2029 famulatur,
817 1949 908 2009 tanto
924 1943 1118 2028 propensius
1135 1941 1358 2010 munificencia
1373 1963 1431 2010 sue
1445 1940 1494 2008 do·

372 2049 424 2117 nis
453 2049 709 2118 remunerandus
735 2047 803 2117 fore
833 2057 989 2119 censetur.
1030 2048 1171 2118 Proinde
1201 2050 1246 2118 ad
1277 2052 1492 2119 uniuersorum

373 2158 526 2226 noticiam
546 2158 659 2225 harum
677 2158 763 2226 serie
788 2159 935 2229 columns
962 2158 1141 2246 peruenire,
1174 2158 1261 2243 quod
1287 2161 1494 2228 consideretis
1532 2179 1539 2186 ·

371 2266 582 2335 fidelitatibus
598 2274 631 2335 et
646 2267 855 2335 seruiciorum
873 2267 1008 2354 meritis,
1039 2287 1101 2352 que
1119 2267 1213 2335 nobis
1228 2267 1386 2352 Magister
1403 2266 1495 2335 Geor·

369 2373 443 2458 gius
460 2375 544 2441 titius
560 2374 711 2460 Symonis
728 2382 801 2458 post
816 2375 937 2443 obitum
955 2375 1123 2441 karissimi
1149 2374 1249 2460 patris
1280 2375 1395 2464 nostri,
1425 2376 1494 2442 dnm

367 2483 472 2567 Regni
488 2502 599 2552 sumus
615 2481 836 2567 gubernaculo
846 2479 974 2569 adepti,
991 2479 1075 2549 idem
1092 2482 1124 2548 in
1135 2480 1274 2552 diuersis
1285 2485 1387 2566 Regni
1399 2481 1495 2550 nostri

359 2589 636 2674 ¹errpedicionibus
652 2588 840 2657 fidelitatem
859 2589 985 2656 Gorone
1001 2590 1102 2676 Regie
1119 2596 1187 2657 tota
1213 2590 1387 2658 alacritate
1414 2591 1494 2659 exhi·

369 2699 449 2784 buit,
483 2718 546 2782 que
563 2718 619 2783 per
635 2697 914 2782 singulelongnm
942 2705 1027 2766 esset
1059 2697 1197 2784 recitari,
1230 2708 1263 2765 et
1294 2700 1495 2784 presentibus

370 2807 468 2874 inseri
486 2806 645 2873 tediosum
661 2832 669 2874 ε
686 2812 794 2872 tamon
810 2806 971 2892 paneade
998 2805 1146 2892 pluribus
1172 2806 1381 2893 presentibus
1407 2804 1493 2872 duxi-

369 2936 439 2983 mus
456 2913 654 2982 anuotuuda.
681 2915 789 2982 Primo
806 2914 963 2983 videlicet
979 2935 1078 2998 qrrnm
1095 2915 1266 2984 Lorandus
1281 2913 1367 2983 filius
1385 2915 1491 2984 March

368 3043 532 3109 perseam
551 3022 774 3090 infidelitatem
792 3032 912 3091 terram
930 3031 1072 3092 nostram
1090 3024 1340 3110 Scepnsiensem
1354 3045 1493 3091 unacum

368 3132 508 3218 Gyluich
525 3135 626 3216 Bana,
643 3137 674 3197 et
692 3140 808 3200 terram
826 3133 899 3219 Myr
914 3135 1000 3200 ultra
1018 3139 1141 3219 partem
1160 3131 1202 3198 de
1217 3133 1310 3217 Tyca
1326 3153 1427 3216 usque
1451 3129 1490 3197 ad

366 3247 490 3325 partem
508 3240 785 3325 Transsyluanam
802 3248 916 3308 eontra
942 3242 1094 3308 Nostram
1125 3240 1262 3325 Regiam
1293 3239 1493 3308 Maiestatem

367 3347 592 3432 potencialiter
609 3356 785 3432 occuparet
802 3355 833 3414 et
850 3347 1019 3432 detineret,
1035 3349 1143 3415 dictus
1160 3347 1318 3432 Magister
1334 3347 1494 3430 Georgius

366 3475 431 3522 rna
445 3477 516 3523 enm
530 3456 605 3541 alijs
615 3457 813 3524 Berronibus
831 3457 962 3544 nostris,
974 3457 1206 3525 videliceteum
1219 3455 1377 3540 Magistro
1388 3455 1493 3538 Fints,

366 3565 407 3632 de
423 3573 576 3652 precepto
594 3571 714 3651 nostro,
732 3565 807 3632 dum
825 3579 936 3633 corrtra
953 3567 1058 3652 ipsum
1077 3565 1236 3651 irruisset,
1254 3562 1342 3630 idem
1374 3563 1494 3629 Lorar-

366 3673 427 3739 dus
443 3674 477 3740 in
495 3673 607 3741 codem
624 3673 772 3740 conflictu
790 3673 898 3749 extitit
914 3675 1138 3761 iuteremptus·
1156 3671 1252 3740 Cuius
1270 3677 1492 3758 postmortem
1561 3730 1563 3733 ,

364 3787 524 3865 cognatus
541 3779 685 3848 eiusdem
703 3782 834 3849 nornine
853 3782 1043 3868 Gregorius,
1059 3801 1132 3850 oum
1144 3783 1491 3869 predictaoocuparet;

361 3887 445 3956 idem
464 3888 621 3973 Magister
639 3889 799 3973 Georgius
832 3911 903 3957 cum
933 3890 1009 3975 alijs
1042 3891 1164 3958 nostris
1195 3887 1350 3956 fidelibus
1381 3894 1492 3952 contre

361 3998 466 4083 ipsum
479 3997 613 4065 viriliter·
626 3995 810 4065 dimicando
828 3999 1006 4086 eaptiuauit
1022 3999 1167 4082 eundem,
1187 4005 1217 4066 et
1235 3996 1329 4083 nohis
1346 3994 1490 4080 adduxit,

358 4125 452 4188 quem
487 4126 546 4173 nos
578 4113 710 4193 propter
738 4128 829 4174 suam
850 4107 1077 4174 infidelitatem
1095 4107 1229 4175 iacimus
1246 4103 1407 4173 decoliari.
1436 4100 1491 4166 Ge-

357 4221 459 4281 terum
477 4213 509 4280 in
526 4213 739 4300 expedicione
757 4223 880 4300 nostra,
906 4237 1002 4299 qnam
1021 4217 1193 4285 habuimus
1227 4222 1340 4282 contra
1371 4211 1488 4294 Regem

358 4323 581 4409 Bohemorum,
600 4343 671 4389 curn
684 4324 819 4391 cundem
832 4324 1023 4410 Magistrum
1037 4324 1212 4409 Georgium
1231 4323 1273 4389 ad
1285 4318 1447 4388 sciendum
1460 4325 1489 4383 et

356 4429 531 4500 uidendum
546 4432 719 4498 exercitum
731 4431 875 4499 eiusdem
892 4434 989 4518 Regis
1002 4434 1157 4500 Bohemie
1168 4431 1376 4513 misissemus,
1389 4446 1485 4492 unum

357 4557 492 4608 cuneum
510 4541 670 4607 exereitus
688 4537 831 4607 ciusdem
849 4547 927 4609 anto
944 4542 1217 4609 acceleraciouem
1246 4543 1386 4606 nostram
1413 4530 1484 4603 riri·

357 4647 430 4716 liter
446 4647 633 4734 debellauit,
653 4657 684 4714 ct
702 4654 770 4714 tros
788 4649 909 4716 militer
926 4650 1060 4716 honeste
1078 4654 1220 4718 armatos
1231 4646 1393 4713 Boiremos
1410 4661 1482 4708 curn
