3160 5200
639 351 704 416 569

97 565 161 628 pro
179 544 306 612 eisdem
323 543 515 612 dominabus
531 565 601 609 curn
628 543 832 609 euidentibus
857 544 1084 628 procuraturijs
1117 543 1231 611 litteris

96 653 142 720 ab
159 671 226 718 unu
242 660 355 738 parte,
381 660 413 720 et
429 646 577 718 Fabiano
595 649 661 717 tilio
676 651 765 718 Petri
783 649 912 715 silicisli
928 649 1064 734 predicti
1096 649 1231 716 Comitis

95 759 217 826 Jacobi
235 777 307 824 cunr
324 758 556 843 procuratorijs
572 759 692 824 litteris
707 756 849 842 Capituli
866 757 1224 840 Quinqueccelosiensis

101 885 159 949 pro
177 865 290 932 eodeni
309 867 431 933 Gemite
447 865 570 932 Jacobo
587 885 626 930 ex
651 865 756 931 altera
781 866 1061 948 comparentibns3
1083 863 1227 948 utrisqte

100 971 250 1055 partibus
261 971 531 1059 infigurajudicij
549 970 692 1039 eiusdem
708 969 842 1037 Comitis
858 969 990 1036 Martini
1005 989 1226 1056 assumpmen·

96 1079 199 1156 tibus,
214 1097 271 1163 per
286 1079 424 1146 eundem
450 1079 606 1145 Comitem
638 1077 809 1144 Martinnm
842 1077 1003 1144 decretum
1036 1075 1160 1162 inisset,
1191 1086 1227 1144 vt

101 1186 246 1268 predicte
262 1185 391 1252 domine
407 1205 535 1252 sorores
550 1186 765 1251 instrumenta
782 1203 839 1249 seu
853 1184 979 1251 litteras
1010 1205 1123 1252 corant
1155 1185 1226 1269 ipso

98 1293 259 1359 elaborent
275 1292 439 1378 exhibere,
456 1294 667 1378 continentes,
684 1291 771 1373 qnod
786 1291 900 1358 eadem
917 1291 1078 1376 possessio
1101 1291 1227 1376 Vsynlo

100 1399 215 1464 luisset
232 1404 264 1463 et
283 1405 368 1466 esset
384 1401 528 1483 ipsarum
546 1407 577 1464 et
602 1399 793 1482 Monasterij
823 1397 964 1480 Virginis
996 1398 1150 1466 Glorioee
1182 1397 1224 1462 ub

97 1504 255 1588 antiquo,
282 1511 313 1570 et
330 1523 347 1570 e
364 1523 521 1571 conuerso
538 1504 624 1571 idem
645 1505 759 1570 Comes
781 1505 921 1571 lacobus
938 1504 1086 1572 similiter
1102 1503 1224 1570 litteras

100 1629 158 1676 seu
174 1611 389 1677 instrumenta
400 1629 590 1695 quecunque
600 1610 957 1678 huberedinoseeretur
967 1613 1115 1679 confecta
1125 1631 1224 1696 super

102 1737 151 1799 eo,
168 1717 255 1800 quod
270 1717 344 1801 ipss
359 1717 523 1803 possessio
539 1718 642 1803 ipsius
659 1717 775 1784 luisset
791 1724 823 1786 et
838 1727 935 1800 esset,
967 1718 1121 1786 exhibere
1137 1726 1225 1784 tone»

103 1831 238 1906 rentnr;
261 1825 406 1890 terminis
433 1824 543 1907 itaque
570 1825 746 1891 secundum
778 1825 1013 1892 continenciam
1046 1824 1225 1892 litterarum

97 1949 231 1998 suarum
258 1931 376 1997 exinde
402 1931 632 2016 coniecturum,
663 1951 857 2016 quamquam
890 1931 1048 1998 officiales
1080 1931 1225 2014 ipsarum

96 2035 301 2106 dominarum
318 2038 534 2107 instrumente
550 2057 607 2106 seu
622 2038 749 2105 litteras
766 2037 941 2106 earundem
952 2038 995 2104 sd
1006 2037 1223 2104 exhibendum
1269 2087 1278 2107 .

99 2144 204 2230 parati
236 2145 372 2212 fuissent
403 2164 461 2229 per
492 2152 601 2229 partes
632 2144 823 2230 assumptis3
856 2150 966 2211 tamen
996 2143 1082 2211 idern
1112 2143 1228 2211 Comes
1333 2161 1346 2173 ’

93 2251 238 2318 lacobus
254 2251 289 2318 in
304 2251 450 2320 terminis
465 2249 604 2318 diuersis
622 2252 836 2318 instrumenta
851 2270 912 2318 sua
927 2252 961 2317 in
985 2249 1071 2317 iacto
1096 2270 1226 2334 posses-

99 2355 201 2423 sionis
218 2365 392 2426 memorate
401 2357 562 2423 exhibere
578 2376 643 2424 non
659 2363 814 2440 curasset,
830 2376 905 2441 ymo
921 2357 954 2421 in
965 2357 1100 2425 termino
1110 2357 1224 2424 ultimo
1302 2399 1304 2408 =

97 2463 140 2529 ad
158 2463 260 2548 ipsius
276 2461 411 2530 Comitis
427 2462 559 2530 Martini
575 2464 775 2547 presencium
793 2483 857 2530 non
872 2463 1015 2532 venisset
1033 2483 1094 2532 nee
1124 2463 1227 2531 misis-

96 2575 164 2654 set,
206 2568 370 2636 officiales
406 2589 482 2638 uero
513 2569 733 2653 predictarum
763 2569 967 2636 dominarum
1005 2569 1227 2638 exhibuissent

99 2681 250 2760 patentes
265 2673 393 2742 litteras
411 2675 533 2742 domini
552 2674 682 2742 Andree
706 2675 806 2759 Regis
839 2676 1041 2759 presentibus
1072 2677 1220 2762 superius

99 2781 295 2849 sensualiter
312 2781 513 2866 conscriptas
531 2779 649 2848 Oomiti
666 2782 803 2848 llartino
819 2781 993 2849 antedicto.
1010 2782 1073 2860 Qui
1090 2785 1222 2866 quidem

98 2886 214 2954 Gornes
231 2889 389 2958 Martinus
405 2889 495 2972 ipsas
511 2889 637 2955 litteras
653 2885 772 2952 domini
788 2886 921 2954 Andree
938 2894 1086 2972 patentes
1112 2891 1225 2957 verbo-

97 3003 192 3061 tenus
222 2993 320 3061 dictis
352 2994 419 3062 suis
453 2995 571 3060 litteris
603 2992 863 3078 priuilegialibus
895 2992 993 3061 scribi
1024 2992 1157 3080 faciens,
1189 3005 1221 3063 et

40 3151 62 3166 ,
95 3100 221 3168 nemini
237 3104 271 3168 in
287 3123 344 3169 sno
360 3102 430 3169 iure
446 3101 558 3169 deesse
574 3103 697 3189 rolens,
713 3117 851 3167 ruscum
867 3100 1049 3168 Beronibus
1064 3101 1224 3169 etnobili-
1349 3177 1352 3186 ,

98 3209 159 3273 bus
175 3207 279 3290 Regni
297 3228 393 3292 quum
412 3207 556 3294 pluribus
572 3227 678 3274 seeum
696 3211 728 3273 in
744 3207 874 3273 ludicro
891 3203 1121 3293 assidentibus,
1139 3209 1220 3278 risis

94 3321 130 3380 et
147 3315 297 3400 perlectis
314 3315 437 3382 eisdern
466 3315 651 3400 patentibus
684 3315 801 3381 litteris
832 3313 910 3380 dicti
942 3314 1063 3382 donini
1096 3315 1226 3386 Andros

95 3420 209 3505 Regis,
223 3421 329 3508 ipsunt
345 3421 501 3490 Comitem
517 3423 676 3490 iacobum
693 3427 804 3489 eontra
819 3419 953 3488 easdem'
966 3420 1115 3490 dominas
1139 3443 1225 3492 toro·

99 3526 202 3592 resin
219 3527 303 3594 lacto
319 3527 462 3614 predicte
480 3527 694 3612 possessionis
709 3529 833 3612 Vayzlo
850 3529 1094 3596 sentencialiter
1111 3529 1220 3596 deere-

96 3631 202 3700 uisset
219 3632 288 3700 lore
304 3637 496 3718 conuictum,
530 3643 561 3702 et
577 3634 712 3702 eundern
728 3635 966 3719 possessionem
982 3634 1105 3701 eisdem
1122 3634 1224 3702 dorni·

99 3741 206 3808 nebus
222 3741 386 3808 sororibus
402 3761 458 3807 seu
476 3741 667 3808 llonssterio
683 3739 826 3824 Virginis
859 3740 1003 3809 Gloriose
1033 3739 1073 3806 de
1103 3741 1220 3807 Insula

101 3845 288 3928 reliquisset
303 3856 335 3914 et
351 3849 519 3915 statuisset
534 3855 689 3935 perpetuo
704 3846 838 3931 pacifice
853 3846 1025 3914 tenendam
1043 3855 1074 3910 et
1100 3846 1224 3912 baben·

90 3953 185 4020 dam.
210 3953 278 4022 Hoc
295 3955 400 4022 eciam
417 3955 501 4028 idern
520 3955 634 4022 Comes
651 3955 809 4023 Martinus
826 3952 919 4020 dictis
936 3951 1004 4020 suis
1020 3953 1138 4020 litteris
1156 3955 1223 4037 pri·

95 4059 308 4142 uilegialibus
324 4061 508 4129 necessario
524 4061 671 4128 duxisset
686 4060 897 4148 inferendum,
930 4058 1016 4145 quod
1033 4081 1104 4126 curn
1121 4059 1226 4144 liegi-

95 4173 163 4234 ster
179 4166 331 4254 Mychael
348 4167 389 4236 de
406 4167 519 4236 Castro
535 4171 662 4264 denso,
689 4168 842 4234 Notarius
858 4167 1008 4252 Magistri
1025 4166 1115 4251 Apor
1131 4164 1224 4233 ludi-

93 4274 143 4341 cis
161 4273 255 4341 Curie
270 4274 374 4361 ipsius
392 4275 515 4343 domini
530 4275 659 4344 Andree
674 4275 771 4362 Regis
789 4295 831 4344 ex
846 4273 1069 4342 commissione
1079 4272 1222 4341 eiusdem

94 4381 218 4448 domini
236 4382 285 4449 sni
302 4383 345 4449 ad
360 4383 555 4467 exigendum
568 4385 646 4468 Jura
661 4403 722 4450 sus
735 4383 769 4449 in
784 4383 941 4450 societate
956 4399 1022 4448 vna
1046 4400 1120 4447 oum
1151 4380 1222 4465 ipso

89 4487 220 4556 Comite
239 4489 377 4556 liertino
393 4495 548 4577 maneret,
564 4495 595 4556 et
611 4487 697 4557 idem
714 4490 828 4558 Ournes
843 4489 1002 4556 liertinns
1017 4489 1053 4553 in
1068 4485 1217 4553 omnibus

89 4591 191 4663 factis
207 4614 264 4662 seu
281 4597 426 4682 negocijs
444 4597 522 4682 suis,
539 4603 569 4662 et
586 4597 770 4682 specialiter
785 4596 819 4663 in
836 4598 922 4665 lecto
940 4593 1101 4680 sigillisui
1113 4589 1221 4658 sideru
