3096 5202
562 991 639 1063 280.

52 1191 78 1257 Α
86 1195 231 1278 pmtpas
245 1191 476 1280 kdptolonnak
490 1194 764 1281 timyaopteoete,
796 1195 881 1280 hopy
896 1193 1012 1260 mozo
1037 1193 1160 1263 Istodn·

1 1293 2 1360 t
55 1297 110 1362 ortt
123 1301 154 1364 ea
175 1297 301 1364 Mimos
325 1299 542 1368 Enochodnak
561 1300 630 1384 fiai
660 1299 790 1368 Borsod
820 1299 979 1389 helyse'pet
1009 1300 1159 1369 Daezion

1 1439 2 1461 ÷
168 1416 281 1474 mester
295 1410 330 1476 ts
345 1407 488 1495 Eristos,
501 1411 606 1479 Joooa
615 1409 751 1494 fiaioak
766 1407 906 1474 eadwi.
924 1410 1025 1477 1279.

140 1601 323 1690 Capitulum
363 1601 509 1675 Eoelesie
535 1605 629 1673 Beati
660 1608 748 1676 Petri
778 1605 820 1674 de
848 1607 976 1692 Posoge
1006 1609 1153 1678 omnibns

1 1695 2 1756 ἶ
50 1711 153 1780 Christi
168 1711 321 1782 fidelibus
334 1721 403 1781 tam
422 1715 628 1801 presentibus
642 1735 739 1802 quem
758 1713 874 1785 futuris
893 1717 1031 1786 salutem
1049 1715 1083 1783 in
1093 1715 1157 1784 Do

1 1843 3 1912 3
48 1819 121 1886 mino
149 1821 393 1907 sempiternam.
422 1820 476 1887 Ad
506 1821 728 1892 vnisersorum
760 1823 915 1892 notioism
939 1825 1054 1892 harum
1073 1825 1157 1892 serie

1 1917 2 2009 i
49 1933 178 2008 nolnmns
192 1930 365 2016 peruenire
383 1955 391 1996 :
407 1930 496 2016 pnod
515 1929 690 2000 Ledialnns
715 1931 801 2000 filius
833 1930 965 2001 Comitis
995 1934 1110 2014 Pesoa,
1126 1937 1159 2000 et

1 2091 2 2096 ,
49 2037 183 2106 Niootnus
212 2037 306 2106 filius
328 2037 476 2105 Emohud
492 2039 534 2106 ab
549 2058 615 2106 nna
629 2046 743 2125 parte;
767 2040 924 2126 Magister
939 2040 1109 2108 Daeienns
1124 2047 1158 2108 et

1 2155 2 2212 3
49 2143 243 2215 ttristoiorns
258 2147 320 2232 filij
337 2144 509 2232 iohannis,
525 2147 709 2216 consobrini
726 2147 860 2217 Comitis
875 2149 980 2220 Paroa
1005 2149 1048 2215 ab
1079 2147 1156 2216 xlte

1 2262 2 2338 j
50 2271 96 2338 ra;
110 2273 211 2322 eoram
235 2256 333 2327 nobis
348 2255 564 2341 porsonaiiter
580 2261 805 2342 comparentes
820 2255 920 2340 iidem
935 2256 1109 2326 LadinIaus
1125 2263 1157 2325 et

1 2347 2 2408 ἶ
48 2359 182 2432 Nioolnus
197 2361 343 2432 eonsessi
359 2368 435 2431 sunt
450 2366 527 2432 risa
542 2382 634 2450 vooe,
651 2363 736 2448 qnod
761 2369 879 2431 terram
910 2364 1033 2433 Borsod
1065 2383 1156 2434 voea-
1223 2405 1227 2412 ·

49 2475 103 2536 tem
115 2470 147 2537 in
175 2470 341 2539 comitatu
357 2471 399 2538 de
415 2469 554 2539 Wolkou
571 2471 774 2556 existentem,
792 2491 890 2556 qnam
906 2472 976 2539 Rex
991 2471 1074 2542 Bela
1089 2471 1156 2540 ieti·

49 2575 333 2646 oisreoordaoionis
349 2578 457 2647 adhue
471 2585 614 2664 tempore
645 2577 696 2647 sni
726 2579 871 2648 Duoetus
903 2577 1021 2649 Oomiti
1051 2581 1157 2650 Pesoa

49 2685 119 2770 patri
145 2685 292 2756 eiusdem
323 2685 472 2756 Lodiaiai
506 2685 703 2771 eontnlerat3
727 2686 818 2754 onius
842 2693 928 2756 terre
947 2686 1155 2758 medietatem

49 2791 118 2861 iden
146 2795 322 2864 Iadmhns
352 2793 538 2881 supradioto
569 2792 704 2862 Niooisto
735 2815 776 2862 ex
806 2796 1018 2864 oonoessione
1048 2795 1154 2881 Regio
1220 2783 1224 2793 ’

51 2898 168 2970 deterat
192 2911 224 2972 et
239 2903 439 2990 assignarat,
455 2901 650 2988 supradietis
669 2901 826 2986 Magistro
843 2903 1003 2989 Daoyano
1019 2908 1052 3002 et
1066 2903 1155 2970 chri-

50 3009 151 3080 stoforo
166 3033 222 3099 pro
237 3010 458 3097 qnadraginta
472 3016 506 3077 et
521 3010 648 3080 duabus
663 3009 793 3096 mareis,
812 3011 931 3096 partim
948 3011 982 3078 in
1007 3007 1153 3097 denariis

48 3125 76 3184 et
87 3121 195 3204 partim
210 3121 243 3187 in
260 3119 471 3189 estimonione
486 3117 650 3204 condigna
665 3119 761 3206 plene
776 3119 914 3206 reoeptis
932 3117 1155 3188 vendidissent

2 3253 5 3346 p
50 3229 183 3312 perpetuo
197 3226 450 3315 possidendam
474 3245 555 3314 qnos
570 3232 678 3294 tamen
696 3225 759 3294 XL
774 3233 808 3296 et
824 3223 906 3296 siuas
931 3245 1057 3296 mareas
1088 3227 1156 3294 iia·

50 3331 134 3414 risten
154 3335 331 3424 Daoyenas
362 3341 395 3403 et
413 3331 631 3405 Christoioras
660 3334 885 3421 persolnemot
915 3353 1023 3405 eorem
1054 3337 1161 3406 nobis

2 3441 5 3502 t
51 3437 187 3512 Leiinlao
201 3452 234 3513 et
248 3443 388 3514 Nieolao
404 3443 592 3531 prenotatis.
609 3442 702 3512 Dixit
722 3444 825 3514 eciem
849 3441 1034 3534 Ledizlaus,
1066 3444 1153 3531 quod

3 3507 5 3654 ἶ
51 3567 102 3616 non
127 3554 228 3621 solnm
260 3550 440 3640 prediotom
470 3561 590 3620 terram
622 3550 746 3620 Borsooi
776 3572 836 3638 pro
855 3551 1004 3638 predicta
1027 3573 1155 3623 summa

3 3657 7 3720 t
51 3660 167 3740 peonnie
181 3659 399 3742 vendidisset;
422 3679 534 3729 verum
550 3659 654 3728 eoiem
673 3658 815 3728 maxime
830 3679 889 3746 pro
920 3680 958 3729 eo
989 3661 1153 3744 dedisset,

3 3781 5 3860 ,
50 3765 121 3844 qood
148 3789 217 3836 oum
233 3770 350 3838 (tomes
370 3765 479 3838 Peska
492 3773 586 3854 pater
601 3767 747 3837 eiusdem
764 3767 797 3834 in
813 3766 966 3836 extremis
981 3769 1155 3856 laboraret,

4 3875 6 3928 ἰ
52 3878 168 3955 paterne
183 3877 413 3947 benedioeione
428 3877 492 3945 sibi
512 3874 724 3958 iniunxisset;
747 3881 783 3944 rt
798 3875 826 3944 si
845 3874 1000 3946 heredum
1030 3877 1152 3945 solsoio

4 3971 5 3976 ’
53 3979 203 4054 ietitntm
230 3985 327 4071 foret,
352 3985 473 4053 nemini
489 3984 529 4051 de
544 3984 692 4070 cognatis
707 3983 776 4052 suis
792 3981 927 4052 eandem
943 3988 1061 4052 terrem
1076 4004 1152 4052 ren-

4 4103 5 4108 *
52 4085 114 4158 iere
128 4112 180 4162 sen
194 4094 273 4162 dare
288 4101 556 4182 presumpmeret,
576 4093 640 4161 nisi
670 4091 747 4179 fiiijs
778 4091 938 4160 iohannis
969 4089 1151 4160 oonsobrini

52 4195 102 4280 sni,
114 4199 259 4270 videlieet
273 4202 433 4288 Magistro
448 4203 605 4289 Daeysno
621 4206 652 4268 et
667 4197 866 4268 Christoioro
881 4199 1067 4286 prenotatis.
1083 4199 1152 4266 Neo

53 4295 101 4370 hoo
114 4309 378 4395 pretermittimus,
408 4309 493 4394 qnod
525 4307 699 4378 Mdialous
730 4314 763 4377 et
792 4305 947 4376 Nioolaus
977 4304 1153 4393 prenotati,

53 4420 163 4497 rtoepta
184 4415 270 4484 diota
292 4419 432 4506 poeonia
450 4417 607 4504 plenarie,
622 4414 830 4503 priuilegium
844 4413 945 4497 Regis
959 4412 1039 4482 Belo
1054 4431 1153 4498 snper

54 4515 211 4591 eolleoione
224 4524 368 4594 eiusdem
383 4530 467 4594 terre
482 4523 660 4596 eonfeotnm
676 4525 842 4592 inmanes
858 4519 1007 4606 Magistri
1023 4521 1151 4608 Daaye·

5 4655 6 4674 ÷
55 4622 313 4703 niettthristoiori
343 4639 527 4704 statuerunt
557 4651 667 4704 eoram
691 4630 795 4721 nobis,
814 4627 1013 4722 sepedietens
1029 4634 1148 4704 terrem
