3162 5200
24 369 29 502 i
475 389 687 494 perr„

24 571 26 676 i
61 591 189 660 omuibus
206 599 236 656 et
254 609 313 675 per
330 593 440 657 omnia
456 578 609 675 expedire
626 589 831 656 tenebuntur.
856 589 894 654 In
924 589 1015 656 cuius
1031 607 1090 674 roy
1108 608 1183 656 me·-

24 689 30 808 i
62 699 178 766 moriam
195 704 226 764 et
241 697 454 766 stabilitatem
472 704 662 783 perpetuam
677 716 773 782 super
790 703 940 783 pretoria
957 692 1043 785 (lgy)
1063 695 1172 763 vendi-

24 823 27 900 t
62 806 139 875 eioue
153 811 184 871 et
197 805 344 873 emcione
377 803 555 874 eorundem
587 809 756 892 terrorum,
782 824 993 892 neproeesso
1020 807 1174 890 temporis

24 905 26 982 ῗ
60 934 108 1002 per
121 915 296 998 quempiam
314 914 480 982 immutari
498 919 555 982 aut
570 913 740 981 retractari
757 915 895 999 valeant,
913 921 1081 1000 presentes
1099 931 1172 980 oon·

62 1020 197 1090 cessimus
211 1021 340 1090 litteras
357 1023 459 1108 sigilli
490 1024 591 1090 nostri
623 1021 800 1088 munimine
832 1023 1009 1088 roboratus.
1051 1021 1171 1087 Datum

24 1149 26 1216 ξ
61 1130 396 1216 Zagrabicinootauis
422 1133 630 1200 Pentecostes
662 1150 748 1196 auno
781 1129 910 1196 Domini
942 1128 1174 1196 M⁰OO⁰LXX⁰

24 1281 26 1344 ξ
61 1237 189 1324 septimo.

24 1431 26 1502 ζ
64 1436 184 1498 (Ererletie
200 1437 386 1501 bbrhrirtyr'un,
416 1437 536 1502 melyrbl
563 1441 584 1486 'a
603 1436 698 1500 pecset
723 1437 807 1485 vbrbs
825 1435 1063 1498 selyemzsinbron
1083 1437 1153 1500 iiigg
1165 1451 1172 1502 5

24 1555 28 1622 3b
122 1525 233 1576 abudai
251 1525 306 1577 kir.
326 1526 458 1577 kamarai
476 1526 653 1578 leueltsirnok
673 1525 841 1590 zagrabban
860 1524 925 1574 ievb
945 1527 1096 1588 reszebem)
1135 1587 1137 1592 ι

477 1809 741 1827 -α-ῄ.

24 2313 27 2348 *
576 2347 650 2416 rsa.

24 2477 26 2524 i

24 2533 31 2600 i
67 2537 240 2610 Aaolaco'ri
256 2543 453 2609 konnentoek
479 2543 753 2632 biscoyso'pieoele,
785 2547 869 2630 iuopy
896 2545 1031 2610 Katoic'o
1066 2549 1178 2631 leopos

69 2645 204 2714 iiikcooic
220 2661 357 2738 bzoeqye
372 2675 393 2716 a
409 2651 481 2717 nete·
497 2651 743 2738 tittertttjocort
759 2651 895 2719 birtoicot
906 2651 1028 2739 istorio,
1042 2655 1176 2719 osorton

24 2843 28 2888 t
278 2759 414 2846 florenis,
430 2761 462 2825 ta
477 2759 680 2828 reconcinet·
696 2759 816 2825 eludtu.
841 2761 937 2826 1277.

24 2907 26 2958 i

24 2961 27 3120 ἱ
157 2951 222 3021 Nos
239 2951 425 3022 conuentus
442 2955 630 3038 Monosterij
649 2953 741 3022 Beati
755 2954 891 3021 Adriani
911 2955 951 3022 de
967 2955 1049 3022 Zaia
1065 2960 1177 3052 tenore
1242 3022 1247 3042 ,

24 3145 26 3168 .
72 3059 249 3140 presencium
292 3061 515 3144 significamus
553 3062 669 3146 quibus
711 3060 843 3146 expedit
874 3065 1046 3146 uniuersis,
1088 3059 1174 3146 qnod

24 3173 28 3260 ι
71 3161 182 3232 domiuo
196 3169 339 3237 Katbaw
355 3167 466 3237 relicte
482 3169 587 3237 Micon
603 3169 645 3235 de
660 3170 755 3258 Royk
771 3170 841 3236 siue
868 3168 988 3236 herede
1020 3170 1175 3237 decedes·

24 3275 27 3364 f
71 3269 104 3335 tis
118 3273 153 3338 ab
168 3291 230 3342 uua
247 3284 350 3363 parte,
368 3287 400 3344 et
416 3277 602 3363 Stephanus
617 3277 704 3342 filius
721 3277 862 3358 Martini,
880 3277 1074 3344 Anastasius
1091 3277 1176 3344 filins
1284 3319 1287 3328 ·

24 3367 27 3448 i
72 3375 216 3468 snasrcstj
234 3405 293 3472 pro
312 3383 501 3452 scetChak
534 3383 601 3451 filio
634 3383 793 3470 Gyliauus
824 3390 963 3468 cognato
997 3405 1104 3452 eornm
1136 3385 1177 3451 oo

24 3495 26 3576 ξ
73 3485 166 3552 eadem
182 3490 221 3556 ab
237 3493 344 3559 altera
359 3509 465 3559 coram
482 3491 575 3558 nobis
593 3492 777 3576 constituti3
804 3490 919 3557 eadem
946 3491 1080 3559 domina
1105 3516 1177 3581 pos-

24 3585 29 3682 ff⁴
76 3596 228 3665 sessionem
246 3598 386 3686 predicti
403 3597 511 3666 Micon
527 3599 709 3683 maritimi,
726 3618 788 3683 que
805 3617 876 3665 cum
894 3599 996 3688 siluis,
1013 3599 1129 3670 tenetis
1146 3611 1178 3670 et

24 3691 26 3796 j
73 3702 150 3769 terris
163 3707 339 3775 arabilibus
355 3709 473 3793 viginti
487 3709 602 3793 iugera
618 3715 776 3775 terrarum
792 3706 954 3776 continere
985 3705 1112 3796 dicitur,
1145 3721 1177 3777 et

24 3827 26 3900 3
75 3806 125 3874 sibi
139 3812 169 3877 iu
184 3815 345 3882 racionem
361 3816 446 3882 dotis
462 3836 519 3882 suc
536 3814 718 3903 deuoueret,
730 3821 880 3902 presente
890 3813 1066 3901 <R0)1ando
1077 3815 1179 3883 fratre

24 3917 26 3986 i
74 3933 129 4016 suc,
143 3920 192 4001 qui
207 3941 264 4006 pro
280 3941 316 3988 se
332 3931 363 3990 et
380 3921 515 3989 Nicolao
530 3941 685 4007 germano
701 3922 815 4006 astitit,
842 3921 965 3988 eisdem
996 3920 1174 4007 Stephano,

24 4073 26 4108 ;
74 4017 225 4096 mastasio
241 4038 273 4096 et
291 4029 383 4096 cnon
401 4052 459 4117 pro
476 4029 613 4097 dimidio
628 4049 740 4097 marca
757 4049 859 4112 rusque
876 4029 909 4094 in
927 4027 1008 4096 filios
1039 4029 1176 4096 liliorum

24 4131 26 4210 ζ
75 4123 293 4220 inperpetuum
311 4145 342 4204 et
359 4136 614 4206 irrcuoeabiliter
630 4137 822 4206 uendidisse
839 4143 887 4204 est
903 4135 1062 4222 confesso,
1078 4155 1176 4220 quam

24 4229 26 4308 ζ
78 4230 219 4309 dimidiam
234 4265 377 4313 marcam
395 4245 524 4332 prelata
541 4244 674 4312 domino
691 4243 830 4312 asseruit
847 4241 994 4329 plenarie
1012 4244 1177 4328 recepisse

24 4441 25 4446 Ἰ
79 4343 111 4408 ab
125 4343 242 4420 eisdem.
260 4353 377 4421 Audito
397 4371 434 4421 eo
451 4359 484 4420 et
499 4352 627 4440 plenius
643 4357 821 4438 assumpto,
838 4349 924 4435 quod
941 4347 982 4415 dc
999 4357 1105 4417 cetero
1115 4367 1178 4416 neo

24 4467 26 4480 ·
79 4443 138 4532 ipsa
152 4452 282 4546 domina,
313 4461 458 4530 neo'eius
475 4462 586 4546 agnati
604 4477 703 4546 super
718 4467 804 4526 terra
830 4457 1014 4544 prescripta
1041 4456 1179 4542 Stepha-

24 4563 26 4652 ζ
79 4558 249 4640 rumillei
263 4575 295 4637 et
309 4571 520 4639 Anastasium
537 4569 731 4657 prescriptos
749 4573 900 4654 poterunt
914 4565 1081 4652 impetere,
1113 4581 1174 4631 uec

78 4663 164 4736 scion
177 4673 351 4746 molestare.
369 4679 411 4746 vt
426 4675 525 4765 igitur
540 4679 599 4746 bec
613 4675 765 4746 vendicio
781 4673 879 4743 robur
895 4673 1042 4742 obtineat
1057 4689 1173 4760 perpe·
