3162 5200
603 920 679 989 124.

7 973 14 1068 t

7 1071 13 1246 ἶ
79 1122 96 1186 1
102 1122 131 1188 V.
147 1123 266 1190 Mede
281 1123 465 1206 kirdlyoaie
481 1147 502 1188 a
531 1123 696 1207 Lyrcius-i
720 1125 794 1188 edet
825 1121 987 1207 tdrqyazd
1018 1118 1199 1206 adorocinya

7 1244 15 1326 t
77 1239 79 1244 ’
370 1227 911 1297 Omodtmererrzctmera.1275.

7 1355 11 1396 ι
180 1423 389 1513 (L)udiulaus
415 1424 479 1494 Dei
505 1425 618 1510 graeia
644 1424 823 1513 Hungsrie,
848 1425 1027 1508 Delmaoio,
1059 1424 1204 1509 Croaoie,

78 1533 182 1619 Reme,
201 1533 326 1621 Seruis,
342 1534 494 1620 Gallicis,
506 1530 708 1616 Lodomerie,
725 1533 884 1600 Cumanis
899 1532 1118 1618 Belgarieque
1133 1534 1203 1599 Rex

81 1640 226 1708 omnibus
242 1641 364 1710 Christi
381 1642 532 1710 fidelibus
548 1651 731 1728 presentem
747 1642 901 1729 paginam
918 1639 1203 1727 inspecturissalu·

77 1755 133 1814 tem
150 1748 184 1815 in
202 1751 346 1818 omnium
361 1751 534 1819 saluatore.
561 1754 644 1817 Dum
661 1751 701 1816 de
719 1751 891 1818 Maiestate
908 1748 1013 1833 Regia
1042 1768 1101 1836 pro
1128 1747 1202 1814 flde-

7 1887 9 1904 ι
78 1855 149 1922 lium
188 1857 314 1925 meritis
354 1857 564 1926 conseruntur
596 1865 628 1925 et
659 1858 822 1926 donantur
852 1857 1029 1943 postulatu,
1060 1854 1201 1922 munitur

7 1909 12 2072 ι
79 1963 337 2049 gubernaculum,
369 1985 430 2032 nee
446 1985 512 2032 non
528 1963 632 2050 gades
647 1968 679 2031 et
695 1970 800 2030 status
818 1960 986 2047 regiminis
1013 1960 1202 2048 ampliatur.

7 2081 10 2168 j
79 2071 216 2140 Proinde
232 2072 277 2140 ad
292 2073 515 2140 uniuersorum
529 2072 681 2142 notie'iam
698 2078 808 2139 tenore
824 2069 1025 2156 presencium
1055 2071 1201 2138 volumus

79 2181 255 2268 peruenire,
282 2181 369 2265 quod
394 2181 552 2266 Magister
568 2181 731 2250 Omodous
747 2179 832 2246 filius
849 2179 994 2263 Omodey
1012 2177 1152 2246 dileetus
1170 2185 1201 2245 et

77 2287 176 2356 fidelis
193 2295 303 2356 noster
319 2291 363 2356 ad
380 2295 524 2357 nostram
542 2287 702 2356 secedens
718 2288 918 2374 presenciam
937 2307 958 2352 a
974 2285 1068 2354 nobis
1079 2287 1201 2356 instan-

78 2398 198 2466 tissime
224 2399 411 2486 postulauit,
442 2406 477 2466 ut
508 2399 671 2484 quoddam
705 2399 854 2466 Castrum
884 2404 1031 2466 nostrum
1063 2397 1201 2483 Lpndua

78 2511 223 2572 uocatum
240 2509 275 2572 in
290 2503 454 2574 comitutu
470 2505 575 2575 castri
593 2507 704 2575 Ferrei
721 2507 910 2574 existentem
929 2504 1027 2594 (tgy),
1044 2506 1149 2574 eidem
1160 2505 1201 2572 de

79 2612 275 2696 benignitate
291 2614 397 2701 Regia
413 2617 558 2684 conferre
572 2616 791 2705 dignaremur.
832 2615 901 2682 Nos
918 2615 1029 2700 itaque
1055 2612 1199 2682 conside·
1240 2643 1245 2648 ·

78 2721 156 2789 ratis
171 2723 322 2808 seruieijs
337 2723 509 2807 meritoriis
524 2723 627 2810 ipsius
642 2724 792 2808 Magistri
809 2721 967 2810 Omodey,
985 2744 1048 2809 que
1064 2722 1202 2808 primum

79 2832 274 2913 temporibus
290 2831 412 2898 domini
428 2832 507 2900 Bele
523 2832 621 2918 Regis
638 2833 727 2899 elare
743 2832 895 2900 memorie
912 2833 967 2900 uui
992 2831 1096 2899 nostri
1122 2830 1201 2896 dile·

80 2937 220 3026 etissimi,
239 2944 271 3006 et
287 2939 410 3007 domiui
424 2939 583 3026 Stephani
598 2940 697 3024 Regis
714 2940 825 3008 inelite
841 2938 1081 3008 reeordaeionis
1097 2937 1202 3004 karis-

81 3043 149 3110 simi
166 3045 267 3131 patris
285 3048 399 3136 nostri,
431 3055 463 3117 et
480 3048 609 3116 demum
625 3047 745 3116 nostris
761 3049 796 3116 in
813 3047 951 3115 diuersis
984 3043 1200 3133 expedieioni·

82 3151 140 3220 bus
155 3160 185 3220 et
202 3155 349 3240 negoeijs
364 3156 469 3238 Regni
484 3155 587 3223 nostri
603 3177 676 3223 eum
693 3177 820 3224 summa
836 3163 869 3224 et
883 3145 1030 3225 inmensa
1045 3153 1203 3224 fidelitate

84 3257 236 3349 inpendit,
254 3262 470 3347 peticionibus
486 3263 631 3332 eiusdem
649 3263 874 3334 taurorabiliter
889 3263 1048 3348 inclinati,
1081 3262 1202 3334 dietum

84 3363 224 3438 Castrum
240 3369 392 3458 Lyndua,
410 3391 482 3440 eum
498 3370 587 3440 uillis
603 3381 635 3438 et
649 3373 745 3440 terris
760 3371 805 3438 ad
820 3370 980 3458 prefatum
997 3371 1147 3442 Castrum
1159 3373 1200 3440 de

82 3471 142 3543 iure
157 3477 405 3565 pertinentibus,
437 3478 501 3565 ipsi
515 3479 676 3563 Magistro
693 3479 848 3568 Omodeo,
880 3486 913 3546 et
942 3500 999 3566 per
1030 3501 1103 3548 eum
1135 3482 1202 3550 suis

83 3579 248 3652 heredibus
265 3584 484 3670 heredumque
499 3606 629 3655 suorum
646 3585 887 3656 sueeessoribus
904 3585 1064 3673 dedimus,
1095 3594 1202 3657 eontu-

84 3687 170 3759 limus
185 3699 288 3776 atque
306 3691 501 3763 doueuimue
517 3695 586 3762 inre
602 3703 759 3782 perpetuo
776 3702 808 3762 et
823 3694 1082 3763 irreuooubiliter
1097 3695 1203 3782 possi·

85 3793 227 3868 dendum.
269 3801 309 3865 In
324 3801 415 3869 ouius
442 3803 489 3870 rei
519 3803 706 3871 memorium
738 3809 990 3890 perpetuumque
1019 3801 1203 3871 firmitatem

83 3914 241 3988 presentes
258 3911 482 3979 eoneessimus
496 3910 623 3978 litteras
637 3911 802 3996 dupplieis
833 3910 937 3996 sigilli
967 3911 1069 3979 nostri
1100 3911 1204 3979 muni·

85 4015 161 4083 niue
178 4017 360 4085 roboratas.
400 4018 520 4086 Datum
536 4039 595 4106 per
610 4039 726 4088 manus
742 4018 938 4088 venerabilis
954 4018 1015 4087 viri
1045 4019 1200 4104 Magistri

83 4119 242 4192 Benedicti
258 4124 378 4194 Sonote
403 4127 636 4213 strigoniensis
667 4128 816 4196 Eeolesie
847 4128 881 4193 in
913 4126 1203 4213 Arebiepiseopum

85 4226 186 4317 Meeti,
202 4234 277 4300 aute
293 4241 401 4301 nostre
417 4235 692 4324 VioeCauoellarij
711 4237 823 4304 dilecti
841 4242 873 4302 et
888 4233 995 4302 fidelis
1004 4235 1106 4303 nostri
1117 4257 1203 4302 anno

85 4331 205 4408 Domini
220 4341 452 4410 M⁰CC⁰LXX⁰
468 4344 589 4432 quinto,
605 4345 710 4430 Regni
726 4353 836 4411 autem
853 4345 954 4412 nostri
972 4365 1058 4413 auno
1074 4350 1202 4429 quarto,

85 4441 133 4512 lv.
147 4450 220 4519 idus
236 4451 441 4522 Decembris.
481 4454 707 4522 Venerabibns
738 4453 887 4540 patribus
917 4454 1084 4539 Stephano
1115 4455 1205 4521 Colo-

84 4557 162 4625 eensi
178 4565 210 4625 et
224 4560 375 4630 Jobanne
391 4559 579 4648 Spslutensi
596 4562 879 4650 drehiepiseopis3
904 4562 967 4629 Job
999 4560 1203 4645 Quinqueee·
