3102 5196
898 1155 973 1226 309.

364 1353 398 1417 Α
430 1357 559 1439 rapitras'
588 1353 811 1437 lupratamat:
840 1354 1118 1443 hr'zorrpsa'pleoele,
1150 1323 1344 1445 hopvauat
1363 1359 1496 1426 Paznua

366 1460 606 1546 neorzetse'pbeli
629 1459 768 1528 Wedrlcea
792 1483 890 1530 conces
922 1464 1071 1528 Maichiic
1085 1472 1166 1530 cauit
1190 1464 1325 1532 birtctcit
1345 1464 1496 1555 latescere·

658 1569 768 1634 Endre
785 1569 940 1636 comeonsis
956 1571 1076 1640 electra.
1100 1571 1198 1640 1282.

475 1764 642 1831 Vniuersis
674 1763 794 1831 Christi
824 1764 974 1834 fidelibus
1005 1765 1120 1851 quibus
1149 1777 1315 1854 presentes
1329 1771 1493 1854 patuerint

367 1873 546 1944 Nitriensis
561 1875 705 1943 Ecclesia
722 1875 906 1962 Capitulum
917 1875 1055 1944 salntem
1067 1877 1100 1944 in
1111 1876 1247 1945 Domino
1257 1878 1492 1963 sempiternam

366 1981 595 2066 significamus
627 1983 731 2072 vobis,
763 1983 849 2066 qnod
880 1983 929 2049 vir
960 1983 1080 2050 nobilis
1112 1983 1397 2052 ComesWnklren
1415 1987 1493 2053 filius

367 2090 500 2156 Comitis
516 2090 669 2160 Wuhken
687 2091 727 2157 de
744 2111 864 2173 genere
879 2089 967 2156 Hunt
982 2092 1115 2158 Pannan
1131 2093 1175 2159 ab
1200 2113 1266 2159 vna
1298 2098 1414 2178 parte;
1439 2091 1492 2162 Co

366 2217 435 2264 mes
468 2197 621 2264 Andreas
652 2197 779 2265 nobilis
812 2197 853 2265 de
884 2197 1013 2263 Elesaot
1044 2217 1083 2265 ex
1115 2200 1227 2282 altera,
1253 2217 1363 2265 eoram
1404 2200 1494 2266 nohis

367 2305 579 2388 personaliter
589 2306 764 2390 constituti,
774 2303 859 2372 idem
871 2303 1302 2392 ComesWnlsenproposnit
1311 2307 1491 2394 asserendo,

367 2411 454 2494 qnod
485 2429 557 2477 cum
573 2412 738 2494 quandam
770 2409 1008 2498 possessionem
1024 2431 1117 2478 suam
1133 2413 1202 2480 iure
1218 2410 1409 2480 hereditatis
1426 2433 1491 2499 pos·

366 2539 492 2588 sessum
509 2517 653 2586 bisichik
669 2529 817 2588 vocatam
834 2519 925 2586 iuxta
941 2519 1074 2586 fluuium
1095 2519 1269 2604 Dudwagh
1290 2521 1488 2588 adiacentem

368 2634 497 2714 propter
536 2627 691 2713 quosdam
733 2627 886 2694 articulos
918 2625 1122 2695 necessitatis
1153 2648 1210 2694 sue
1242 2628 1348 2696 eidem
1379 2626 1488 2695 Comiti

366 2736 499 2803 Andree
514 2755 573 2822 pro
590 2736 736 2825 ducentis
753 2737 871 2804 mareis
898 2735 954 2801 fini
986 2735 1116 2822 argenti
1146 2737 1276 2822 pignori
1307 2736 1486 2821 obligasset,

366 2851 399 2914 at
413 2864 449 2912 se
466 2844 610 2929 vndiqoe
641 2843 866 2932 prospiciendo
891 2863 931 2912 ac
950 2843 1185 2911 considerando
1205 2842 1487 2930 circumspexisset,
1524 2833 1528 2841 '

365 2955 448 3021 vtei
464 2952 604 3020 facultas
621 2972 725 3019 rerum
752 2957 883 3037 propter
915 2951 1111 3034 granamina
1142 2952 1217 3038 ipsa
1246 2972 1347 3038 super
1377 2950 1484 3016 dum

350 3059 603 3148 'possessionem
628 3059 878 3148 inpignoratam
903 3058 1083 3127 redimendi
1108 3079 1174 3125 non
1194 3065 1399 3144 superesset;
1419 3079 1484 3126 ccn·

366 3172 436 3237 tum
451 3187 579 3235 marcas
595 3167 743 3234 similiter
758 3166 815 3233 fini
834 3167 961 3251 argenti
993 3167 1125 3251 insuper
1156 3168 1198 3232 ab
1230 3165 1346 3232 eodem
1376 3165 1484 3233 Gemite

367 3273 503 3343 andrea
533 3275 616 3342 dixit
639 3294 676 3342 se
692 3273 838 3361 plenarie
854 3272 1024 3360 recepisse,
1040 3279 1210 3358 prenotato
1227 3271 1344 3338 Comiti
1359 3271 1485 3359 Andros,

369 3392 404 3452 et
419 3403 478 3470 per
502 3404 573 3452 eum
605 3384 672 3451 suis
703 3381 874 3450 heredibus
905 3381 1123 3465 heredumque
1152 3381 1393 3449 successoribus
1421 3401 1484 3449 cnm

370 3490 522 3560 omnibus
552 3491 759 3576 utilitatibus,
789 3490 998 3576 pertineneijs
1015 3509 1055 3557 ac
1071 3488 1328 3575 circumstancijs
1355 3489 1484 3557 eiusdem

366 3598 582 3688 possessionis
600 3618 656 3683 pro
670 3597 737 3664 iam
754 3597 849 3664 dictis
865 3599 1019 3666 trecentis
1034 3597 1154 3664 marcis
1177 3595 1234 3662 tini
1265 3598 1394 3680 argenti
1422 3594 1486 3662 reli·

367 3709 494 3792 quisset
523 3713 556 3773 et
571 3705 769 3774 uendidisset
783 3706 854 3774 iure
868 3713 1027 3792 perpetuo
1047 3704 1290 3791 possidendam.
1306 3703 1381 3773 'l'ali
1397 3703 1488 3772 nichi-

368 3815 507 3884 lominus
524 3813 715 3882 condicionc
745 3815 936 3900 interserta;
961 3813 1046 3899 quod
1076 3816 1104 3882 si
1135 3833 1290 3899 processu
1319 3819 1485 3899 temporum

367 3925 483 3992 eadem
515 3921 680 4005 possessio
696 3941 753 4006 per
769 3921 954 4008 quempiam
973 3922 1127 3990 niteretur
1159 3921 1317 4007 reuocari,
1333 3920 1486 3987 antelatus

367 4031 486 4098 (tomes
501 4029 656 4096 Wulrken
673 4033 705 4096 et
720 4029 771 4098 sui
787 4029 922 4098 heredes
938 4028 1077 4096 eundem
1094 4029 1250 4096 Comitem
1281 4025 1444 4093 Andrean
1457 4025 1485 4087 ct

367 4159 444 4210 snos
469 4155 674 4206 successores
689 4137 832 4224 propriis
847 4137 1016 4205 laboribus
1036 4141 1067 4201 et
1083 4134 1234 4221 expensis
1250 4139 1319 4200 tam
1335 4151 1407 4200 cnm
1421 4131 1485 4214 ipss

368 4245 566 4316 hereditaria
580 4244 787 4329 possessione
802 4265 864 4312 sua
874 4243 1076 4329 equinalenti
1087 4248 1119 4310 et
1129 4239 1289 4309 consimili
1297 4230 1485 4326 possessioni
1530 4290 1535 4299 .

369 4354 502 4424 vendite
532 4369 593 4438 per
624 4371 707 4436 eom,
738 4372 836 4437 quam
851 4359 885 4420 et
900 4372 973 4419 cum
989 4349 1066 4437 aliJs
1090 4348 1157 4418 suis
1174 4350 1269 4416 rebus
1286 4344 1425 4434 proprijs
1437 4339 1484 4406 de·

367 4463 504 4533 tendere
520 4465 554 4528 et
569 4459 723 4547 expedire
739 4458 844 4528 modis
867 4459 1017 4529 omnibus
1048 4461 1204 4544 teneatur,
1233 4454 1340 4542 ipsam
1368 4465 1484 4539 poste·

299 4595 304 4602 ·
366 4573 492 4641 sionem
524 4575 557 4636 ct
589 4568 638 4634 ius
655 4575 843 4654 perpetuum
875 4562 960 4654 (lgy)
993 4565 1136 4635 eiusdem
1163 4561 1297 4630 Comitis
1321 4555 1486 4628 Andreect
1535 4651 1538 4658 „

367 4699 497 4750 suornm
512 4672 668 4746 heredum
685 4673 821 4761 pacifico
836 4695 964 4762 semper
978 4680 1013 4742 et
1029 4670 1261 4741 inviolabiliter
1273 4670 1482 4758 permanente,
1542 4661 1544 4670 ’
