<?xml version="1.0" encoding="UTF-8"?>
<!DOCTYPE html PUBLIC "-//W3C//DTD XHTML 1.0 Transitional//EN"
    "http://www.w3.org/TR/xhtml1/DTD/xhtml1-transitional.dtd">
<html xmlns="http://www.w3.org/1999/xhtml" xml:lang="en" lang="en">
 <head>
  <title>
</title>
<meta http-equiv="Content-Type" content="text/html;charset=utf-8" />
  <meta name='ocr-system' content='tesseract 3.04.00' />
  <meta name='ocr-capabilities' content='ocr_page ocr_carea ocr_par ocr_line ocrx_word'/>
</head>
<body>
  <div class='ocr_page' id='page_1' title='image "./codexdiplomatic00wenzgoog_0681.png"; bbox 0 0 3194 5196; ppageno 0'>
   <div class='ocr_carea' id='block_1_1' title="bbox 596 316 754 432">
    <p class='ocr_par' dir='ltr' id='par_1_1' title="bbox 596 316 754 432">
     <span class='ocr_line' id='line_1_1' title="bbox 596 316 754 432; baseline 0 -32"><span class='ocrx_word' id='word_1_1' title='bbox 596 316 754 432; x_wconf 44' lang='lat' dir='ltr'>aa</span> 
     </span>
    </p>
   </div>
   <div class='ocr_carea' id='block_1_2' title="bbox 2 513 1241 938">
    <p class='ocr_par' dir='ltr' id='par_1_2' title="bbox 2 513 1241 938">
     <span class='ocr_line' id='line_1_2' title="bbox 109 513 1240 612; baseline 0.009 -26"><span class='ocrx_word' id='word_1_2' title='bbox 109 513 220 586; x_wconf 81' lang='lat' dir='ltr'>oolam</span> <span class='ocrx_word' id='word_1_3' title='bbox 250 521 335 590; x_wconf 84' lang='lat' dir='ltr'>terre</span> <span class='ocrx_word' id='word_1_4' title='bbox 368 520 617 609; x_wconf 77' lang='lat' dir='ltr'>resiguauerant</span> <span class='ocrx_word' id='word_1_5' title='bbox 646 543 755 592; x_wconf 88' lang='lat' dir='ltr'>eoram</span> <span class='ocrx_word' id='word_1_6' title='bbox 779 525 872 594; x_wconf 85' lang='lat' dir='ltr'>nobis</span> <span class='ocrx_word' id='word_1_7' title='bbox 888 531 922 593; x_wconf 88' lang='lat' dir='ltr'>et</span> <span class='ocrx_word' id='word_1_8' title='bbox 936 525 1135 611; x_wconf 87' lang='lat' dir='ltr'>reliquerunt</span> <span class='ocrx_word' id='word_1_9' title='bbox 1150 538 1240 612; x_wconf 85' lang='lat' dir='ltr'>sepe-</span> 
     </span>
     <span class='ocr_line' id='line_1_3' title="bbox 2 623 1234 728; baseline 0.009 -38"><span class='ocrx_word' id='word_1_10' title='bbox 2 641 3 644; x_wconf 70' lang='grc'>’</span> <span class='ocrx_word' id='word_1_11' title='bbox 110 623 197 696; x_wconf 83' lang='lat' dir='ltr'>‹lieto</span> <span class='ocrx_word' id='word_1_12' title='bbox 213 627 350 698; x_wconf 80' lang='lat' dir='ltr'>Nieolao</span> <span class='ocrx_word' id='word_1_13' title='bbox 365 631 635 728; x_wconf 56' lang='lat' dir='ltr'>irremeabiliter,</span> <span class='ocrx_word' id='word_1_14' title='bbox 651 632 784 717; x_wconf 88' lang='lat' dir='ltr'>paeiiiee</span> <span class='ocrx_word' id='word_1_15' title='bbox 803 639 835 698; x_wconf 88' lang='lat' dir='ltr'>et</span> <span class='ocrx_word' id='word_1_16' title='bbox 850 633 959 716; x_wconf 86' lang='lat' dir='ltr'>quiete</span> <span class='ocrx_word' id='word_1_17' title='bbox 990 633 1234 718; x_wconf 69' lang='lat' dir='ltr'><strong>possidendam.</strong></span> 
     </span>
     <span class='ocr_line' id='line_1_4' title="bbox 108 735 1241 826; baseline 0.001 -20"><span class='ocrx_word' id='word_1_18' title='bbox 108 735 179 806; x_wconf 84' lang='lat' dir='ltr'>Hae</span> <span class='ocrx_word' id='word_1_19' title='bbox 209 735 388 826; x_wconf 76' lang='lat' dir='ltr'>interiecto,</span> <span class='ocrx_word' id='word_1_20' title='bbox 418 737 506 825; x_wconf 86' lang='lat' dir='ltr'>quod</span> <span class='ocrx_word' id='word_1_21' title='bbox 537 738 650 810; x_wconf 85' lang='lat' dir='ltr'>eedem</span> <span class='ocrx_word' id='word_1_22' title='bbox 681 746 791 826; x_wconf 83' lang='lat' dir='ltr'>partes</span> <span class='ocrx_word' id='word_1_23' title='bbox 817 759 928 808; x_wconf 82' lang='lat' dir='ltr'>omues</span> <span class='ocrx_word' id='word_1_24' title='bbox 945 740 1072 809; x_wconf 80' lang='lat' dir='ltr'><strong>litteras</strong></span> <span class='ocrx_word' id='word_1_25' title='bbox 1087 759 1241 810; x_wconf 82' lang='lat' dir='ltr'>soaaseu</span> 
     </span>
     <span class='ocr_line' id='line_1_5' title="bbox 109 842 1239 938; baseline 0.008 -30"><span class='ocrx_word' id='word_1_26' title='bbox 109 842 257 925; x_wconf 78' lang='lat' dir='ltr'>quelibet</span> <span class='ocrx_word' id='word_1_27' title='bbox 272 845 487 915; x_wconf 85' lang='lat' dir='ltr'>instrumenta</span> <span class='ocrx_word' id='word_1_28' title='bbox 502 867 564 916; x_wconf 89' lang='lat' dir='ltr'>soa</span> <span class='ocrx_word' id='word_1_29' title='bbox 579 855 690 916; x_wconf 76' lang='lat' dir='ltr'>eontm</span> <span class='ocrx_word' id='word_1_30' title='bbox 705 848 842 915; x_wconf 90' lang='lat' dir='ltr'>inuieem</span> <span class='ocrx_word' id='word_1_31' title='bbox 861 847 975 917; x_wconf 88' lang='lat' dir='ltr'>habita</span> <span class='ocrx_word' id='word_1_32' title='bbox 992 855 1025 916; x_wconf 87' lang='lat' dir='ltr'>et</span> <span class='ocrx_word' id='word_1_33' title='bbox 1055 850 1196 938; x_wconf 77' lang='lat' dir='ltr'>obtenta,</span> <span class='ocrx_word' id='word_1_34' title='bbox 1211 851 1239 935; x_wconf 81' lang='lat' dir='ltr'>ai</span> 
     </span>
    </p>
   </div>
   <div class='ocr_carea' id='block_1_3' title="bbox 2 945 1240 1041">
    <p class='ocr_par' dir='ltr' id='par_1_3' title="bbox 2 945 1240 1041">
     <span class='ocr_line' id='line_1_6' title="bbox 2 945 1240 1041; baseline 0.009 -26"><span class='ocrx_word' id='word_1_35' title='bbox 2 945 3 948; x_wconf 71' lang='grc'>’</span> <span class='ocrx_word' id='word_1_36' title='bbox 109 951 250 1032; x_wconf 87' lang='lat' dir='ltr'>quasin</span> <span class='ocrx_word' id='word_1_37' title='bbox 280 952 425 1022; x_wconf 80' lang='lat' dir='ltr'>fraudem</span> <span class='ocrx_word' id='word_1_38' title='bbox 457 962 673 1038; x_wconf 82' lang='lat' dir='ltr'>reseruarent,</span> <span class='ocrx_word' id='word_1_39' title='bbox 707 973 819 1024; x_wconf 82' lang='lat' dir='ltr'>nassas</span> <span class='ocrx_word' id='word_1_40' title='bbox 844 955 974 1041; x_wconf 84' lang='lat' dir='ltr'>penitus</span> <span class='ocrx_word' id='word_1_41' title='bbox 988 963 1021 1024; x_wconf 88' lang='lat' dir='ltr'>et</span> <span class='ocrx_word' id='word_1_42' title='bbox 1037 957 1152 1024; x_wconf 88' lang='lat' dir='ltr'>inanes</span> <span class='ocrx_word' id='word_1_43' title='bbox 1169 957 1240 1026; x_wconf 88' lang='lat' dir='ltr'>red·</span> 
     </span>
    </p>
   </div>
   <div class='ocr_carea' id='block_1_4' title="bbox 70 1055 1238 1161">
    <p class='ocr_par' dir='ltr' id='par_1_4' title="bbox 70 1055 1238 1161">
     <span class='ocr_line' id='line_1_7' title="bbox 70 1055 1238 1161; baseline 0.005 -37"><span class='ocrx_word' id='word_1_44' title='bbox 70 1147 80 1161; x_wconf 20' lang='lat' dir='ltr'><em>s</em></span> <span class='ocrx_word' id='word_1_45' title='bbox 109 1055 264 1126; x_wconf 84' lang='lat' dir='ltr'>dideruut</span> <span class='ocrx_word' id='word_1_46' title='bbox 279 1066 312 1127; x_wconf 84' lang='lat' dir='ltr'>et</span> <span class='ocrx_word' id='word_1_47' title='bbox 325 1061 529 1146; x_wconf 84' lang='lat' dir='ltr'>reliquerunt</span> <span class='ocrx_word' id='word_1_48' title='bbox 552 1063 644 1131; x_wconf 88' lang='lat' dir='ltr'>nullo</span> <span class='ocrx_word' id='word_1_49' title='bbox 675 1082 816 1150; x_wconf 86' lang='lat' dir='ltr'>unquam</span> <span class='ocrx_word' id='word_1_50' title='bbox 845 1068 988 1148; x_wconf 87' lang='lat' dir='ltr'>tempore</span> <span class='ocrx_word' id='word_1_51' title='bbox 1020 1063 1184 1132; x_wconf 83' lang='lat' dir='ltr'>valituras.</span> <span class='ocrx_word' id='word_1_52' title='bbox 1201 1066 1238 1135; x_wconf 89' lang='lat' dir='ltr'>In</span> 
     </span>
    </p>
   </div>
   <div class='ocr_carea' id='block_1_5' title="bbox 1 1161 1274 1260">
    <p class='ocr_par' dir='ltr' id='par_1_5' title="bbox 1 1161 1274 1260">
     <span class='ocr_line' id='line_1_8' title="bbox 1 1161 1274 1260; baseline 0.008 -32"><span class='ocrx_word' id='word_1_53' title='bbox 1 1161 4 1176; x_wconf 93' lang='lat'>&#39;</span> <span class='ocrx_word' id='word_1_54' title='bbox 109 1164 201 1235; x_wconf 71' lang='lat' dir='ltr'>arnus</span> <span class='ocrx_word' id='word_1_55' title='bbox 233 1186 293 1253; x_wconf 82' lang='lat' dir='ltr'>rey</span> <span class='ocrx_word' id='word_1_56' title='bbox 333 1171 522 1240; x_wconf 90' lang='lat' dir='ltr'>memoriam</span> <span class='ocrx_word' id='word_1_57' title='bbox 560 1178 813 1258; x_wconf 78' lang='lat' dir='ltr'>perpetuamque</span> <span class='ocrx_word' id='word_1_58' title='bbox 852 1169 1037 1239; x_wconf 88' lang='lat' dir='ltr'>firmitatem</span> <span class='ocrx_word' id='word_1_59' title='bbox 1069 1178 1274 1260; x_wconf 37' lang='lat' dir='ltr'>presentes„</span> 
     </span>
    </p>
   </div>
   <div class='ocr_carea' id='block_1_6' title="bbox 1 1273 1239 1472">
    <p class='ocr_par' dir='ltr' id='par_1_6' title="bbox 1 1273 1239 1472">
     <span class='ocr_line' id='line_1_9' title="bbox 1 1273 1239 1361; baseline 0.009 -26"><span class='ocrx_word' id='word_1_60' title='bbox 1 1293 9 1325; x_wconf 65' lang='lat'><em>2</em></span> <span class='ocrx_word' id='word_1_61' title='bbox 108 1273 328 1340; x_wconf 86' lang='lat' dir='ltr'>eoueessimus</span> <span class='ocrx_word' id='word_1_62' title='bbox 358 1276 460 1344; x_wconf 87' lang='lat' dir='ltr'>nostri</span> <span class='ocrx_word' id='word_1_63' title='bbox 490 1276 594 1361; x_wconf 80' lang='lat' dir='ltr'>sigilli</span> <span class='ocrx_word' id='word_1_64' title='bbox 618 1278 797 1346; x_wconf 86' lang='lat' dir='ltr'>munimine</span> <span class='ocrx_word' id='word_1_65' title='bbox 812 1276 996 1346; x_wconf 87' lang='lat' dir='ltr'>roboratas.</span> <span class='ocrx_word' id='word_1_66' title='bbox 1013 1277 1133 1346; x_wconf 88' lang='lat' dir='ltr'>Datum</span> <span class='ocrx_word' id='word_1_67' title='bbox 1149 1298 1239 1348; x_wconf 86' lang='lat' dir='ltr'>anno</span> 
     </span>
     <span class='ocr_line' id='line_1_10' title="bbox 109 1376 1169 1472; baseline 0.015 -27"><span class='ocrx_word' id='word_1_68' title='bbox 109 1378 240 1448; x_wconf 85' lang='lat' dir='ltr'>Domini</span> <span class='ocrx_word' id='word_1_69' title='bbox 256 1382 708 1472; x_wconf 74' lang='lat' dir='ltr'>M⁰Oc⁰uouageeimonono</span> <span class='ocrx_word' id='word_1_70' title='bbox 1166 1376 1169 1382; x_wconf 42' lang='lat'>¹</span> 
     </span>
    </p>
   </div>
   <div class='ocr_carea' id='block_1_7' title="bbox 109 1577 1240 1828">
    <p class='ocr_par' dir='ltr' id='par_1_7' title="bbox 109 1577 1240 1828">
     <span class='ocr_line' id='line_1_11' title="bbox 109 1577 1240 1654; baseline 0.004 -26"><span class='ocrx_word' id='word_1_71' title='bbox 109 1577 253 1646; x_wconf 56' lang='lat' dir='ltr'>insedente</span> <span class='ocrx_word' id='word_1_72' title='bbox 272 1583 459 1649; x_wconf 71' lang='lat' dir='ltr'>bonhartyam</span> <span class='ocrx_word' id='word_1_73' title='bbox 480 1585 543 1636; x_wconf 73' lang='lat' dir='ltr'>aoid</span> <span class='ocrx_word' id='word_1_74' title='bbox 557 1585 795 1654; x_wconf 78' lang='lat' dir='ltr'>selyemzsinbron</span> <span class='ocrx_word' id='word_1_75' title='bbox 807 1585 896 1648; x_wconf 72' lang='lat' dir='ltr'>suiggtt</span> <span class='ocrx_word' id='word_1_76' title='bbox 909 1582 1005 1648; x_wconf 80' lang='lat' dir='ltr'>peeset</span> <span class='ocrx_word' id='word_1_77' title='bbox 1017 1581 1106 1647; x_wconf 81' lang='lat' dir='ltr'>alstt3</span> <span class='ocrx_word' id='word_1_78' title='bbox 1125 1581 1240 1634; x_wconf 83' lang='lat' dir='ltr'>abudai</span> 
     </span>
     <span class='ocr_line' id='line_1_12' title="bbox 109 1667 1239 1740; baseline 0.004 -24"><span class='ocrx_word' id='word_1_79' title='bbox 109 1667 164 1718; x_wconf 81' lang='lat' dir='ltr'>inir.</span> <span class='ocrx_word' id='word_1_80' title='bbox 183 1669 312 1723; x_wconf 76' lang='lat' dir='ltr'>lamanai</span> <span class='ocrx_word' id='word_1_81' title='bbox 331 1673 515 1726; x_wconf 73' lang='lat' dir='ltr'>leveltarban.</span> <span class='ocrx_word' id='word_1_82' title='bbox 535 1675 682 1740; x_wconf 81' lang='lat' dir='ltr'>Ugyanott</span> <span class='ocrx_word' id='word_1_83' title='bbox 700 1674 845 1726; x_wconf 77' lang='lat' dir='ltr'>talaltatik</span> <span class='ocrx_word' id='word_1_84' title='bbox 858 1687 924 1722; x_wconf 88' lang='lat' dir='ltr'>ezen</span> <span class='ocrx_word' id='word_1_85' title='bbox 937 1672 1117 1736; x_wconf 76' lang='lat' dir='ltr'>okmanynak</span> <span class='ocrx_word' id='word_1_86' title='bbox 1131 1673 1239 1724; x_wconf 79' lang='lat' dir='ltr'>titireta</span> 
     </span>
     <span class='ocr_line' id='line_1_13' title="bbox 110 1756 1237 1828; baseline 0.003 -23"><span class='ocrx_word' id='word_1_87' title='bbox 110 1756 144 1822; x_wconf 85' lang='lat' dir='ltr'>la,</span> <span class='ocrx_word' id='word_1_88' title='bbox 163 1758 270 1822; x_wconf 79' lang='lat' dir='ltr'>melyet</span> <span class='ocrx_word' id='word_1_89' title='bbox 289 1777 321 1811; x_wconf 85' lang='lat' dir='ltr'>az</span> <span class='ocrx_word' id='word_1_90' title='bbox 342 1763 403 1828; x_wconf 63' lang='lat' dir='ltr'>egri</span> <span class='ocrx_word' id='word_1_91' title='bbox 421 1763 557 1828; x_wconf 75' lang='lat' dir='ltr'>kaptalan</span> <span class='ocrx_word' id='word_1_92' title='bbox 578 1767 655 1813; x_wconf 70' lang='lat'>140⁶.</span> <span class='ocrx_word' id='word_1_93' title='bbox 678 1763 766 1813; x_wconf 83' lang='lat' dir='ltr'>»feria</span> <span class='ocrx_word' id='word_1_94' title='bbox 785 1763 884 1824; x_wconf 84' lang='lat' dir='ltr'>quinta</span> <span class='ocrx_word' id='word_1_95' title='bbox 901 1762 1032 1825; x_wconf 90' lang='lat' dir='ltr'>proxima</span> <span class='ocrx_word' id='word_1_96' title='bbox 1051 1765 1115 1824; x_wconf 85' lang='lat' dir='ltr'>post</span> <span class='ocrx_word' id='word_1_97' title='bbox 1133 1759 1237 1810; x_wconf 78' lang='lat' dir='ltr'>lentum</span> 
     </span>
    </p>
   </div>
   <div class='ocr_carea' id='block_1_8' title="bbox 1 1845 1236 1930">
    <p class='ocr_par' dir='ltr' id='par_1_8' title="bbox 1 1845 1236 1930">
     <span class='ocr_line' id='line_1_14' title="bbox 1 1845 1236 1930; baseline 0.003 -36"><span class='ocrx_word' id='word_1_98' title='bbox 1 1884 2 1888; x_wconf 57' lang='grc'>,</span> <span class='ocrx_word' id='word_1_99' title='bbox 110 1845 208 1930; x_wconf 72' lang='lat' dir='ltr'>saneti</span> <span class='ocrx_word' id='word_1_100' title='bbox 240 1847 378 1902; x_wconf 69' lang='lat' dir='ltr'>«Iohannis</span> <span class='ocrx_word' id='word_1_101' title='bbox 409 1851 540 1916; x_wconf 75' lang='lat' dir='ltr'>Apostoli</span> <span class='ocrx_word' id='word_1_102' title='bbox 571 1855 599 1902; x_wconf 86' lang='lat' dir='ltr'>et</span> <span class='ocrx_word' id='word_1_103' title='bbox 629 1851 815 1916; x_wconf 67' lang='lat' dir='ltr'>ewangeliste</span> <span class='ocrx_word' id='word_1_104' title='bbox 846 1854 912 1901; x_wconf 88' lang='lat' dir='ltr'>snte</span> <span class='ocrx_word' id='word_1_105' title='bbox 942 1849 1057 1901; x_wconf 86' lang='lat' dir='ltr'>Portam</span> <span class='ocrx_word' id='word_1_106' title='bbox 1089 1851 1236 1900; x_wconf 77' lang='lat' dir='ltr'>Latinam«</span> 
     </span>
    </p>
   </div>
   <div class='ocr_carea' id='block_1_9' title="bbox 607 1941 738 2004">
    <p class='ocr_par' dir='ltr' id='par_1_9' title="bbox 607 1941 738 2004">
     <span class='ocr_line' id='line_1_15' title="bbox 607 1941 738 2004; baseline -0.008 -14"><span class='ocrx_word' id='word_1_107' title='bbox 607 1941 738 2004; x_wconf 85' lang='lat' dir='ltr'>lriadott.)</span> 
     </span>
    </p>
   </div>
   <div class='ocr_carea' id='block_1_10' title="bbox 631 2813 708 2882">
    <p class='ocr_par' dir='ltr' id='par_1_10' title="bbox 631 2813 708 2882">
     <span class='ocr_line' id='line_1_16' title="bbox 631 2813 708 2882; baseline 0.013 -1"><span class='ocrx_word' id='word_1_108' title='bbox 631 2813 708 2882; x_wconf 76' lang='lat' dir='ltr'>eol.</span> 
     </span>
    </p>
   </div>
   <div class='ocr_carea' id='block_1_11' title="bbox 1 2996 1236 3096">
    <p class='ocr_par' dir='ltr' id='par_1_11' title="bbox 1 2996 1236 3096">
     <span class='ocr_line' id='line_1_17' title="bbox 1 2996 1236 3096; baseline -0.007 -17"><span class='ocrx_word' id='word_1_109' title='bbox 1 2996 2 3001; x_wconf 8' lang='grc' dir='ltr'>ἵ</span> <span class='ocrx_word' id='word_1_110' title='bbox 110 3013 246 3082; x_wconf 66' lang='lat' dir='ltr'>Rolano</span> <span class='ocrx_word' id='word_1_111' title='bbox 261 3011 430 3079; x_wconf 73' lang='lat' dir='ltr'>uddoroak</span> <span class='ocrx_word' id='word_1_112' title='bbox 446 3009 618 3079; x_wconf 73' lang='lat' dir='ltr'>ittletleoeie</span> <span class='ocrx_word' id='word_1_113' title='bbox 633 3037 655 3080; x_wconf 83' lang='lat' dir='ltr'>a</span> <span class='ocrx_word' id='word_1_114' title='bbox 686 3012 826 3096; x_wconf 73' lang='lat' dir='ltr'>Naraqir</span> <span class='ocrx_word' id='word_1_115' title='bbox 857 3010 1020 3096; x_wconf 72' lang='lat' dir='ltr'>helyaa&#39;qre</span> <span class='ocrx_word' id='word_1_116' title='bbox 1052 3007 1236 3090; x_wconf 64' lang='lat' dir='ltr'>venaticam,</span> 
     </span>
    </p>
   </div>
   <div class='ocr_carea' id='block_1_12' title="bbox 10 3105 1236 3291">
    <p class='ocr_par' dir='ltr' id='par_1_12' title="bbox 10 3105 1236 3291">
     <span class='ocr_line' id='line_1_18' title="bbox 10 3105 1236 3206; baseline -0.007 -20"><span class='ocrx_word' id='word_1_117' title='bbox 10 3105 13 3114; x_wconf 45' lang='lat'>¹</span> <span class='ocrx_word' id='word_1_118' title='bbox 65 3117 69 3128; x_wconf 83' lang='grc'><strong>’</strong></span> <span class='ocrx_word' id='word_1_119' title='bbox 110 3117 243 3206; x_wconf 67' lang='lat' dir='ltr'>mltos,</span> <span class='ocrx_word' id='word_1_120' title='bbox 261 3121 382 3187; x_wconf 73' lang='lat' dir='ltr'>Miller</span> <span class='ocrx_word' id='word_1_121' title='bbox 397 3121 550 3186; x_wconf 72' lang='lat' dir='ltr'>moueat</span> <span class='ocrx_word' id='word_1_122' title='bbox 560 3119 614 3202; x_wconf 82' lang='lat' dir='ltr'>fia</span> <span class='ocrx_word' id='word_1_123' title='bbox 630 3121 662 3185; x_wconf 71' lang='grc' dir='ltr'>ἑο</span> <span class='ocrx_word' id='word_1_124' title='bbox 677 3120 785 3183; x_wconf 80' lang='lat' dir='ltr'>Zulraa’</span> <span class='ocrx_word' id='word_1_125' title='bbox 794 3114 901 3185; x_wconf 76' lang='lat' dir='ltr'>Jaleab</span> <span class='ocrx_word' id='word_1_126' title='bbox 911 3116 996 3180; x_wconf 69' lang='lat' dir='ltr'>teeti</span> <span class='ocrx_word' id='word_1_127' title='bbox 1004 3108 1236 3200; x_wconf 80' lang='lat' dir='ltr'>birtokperbeu.</span> 
     </span>
     <span class='ocr_line' id='line_1_19' title="bbox 627 3228 726 3291; baseline -0.02 0"><span class='ocrx_word' id='word_1_128' title='bbox 627 3228 726 3291; x_wconf 83' lang='lat'><strong><em>1299.</em></strong></span> 
     </span>
    </p>
   </div>
   <div class='ocr_carea' id='block_1_13' title="bbox 111 3417 1241 4696">
    <p class='ocr_par' dir='ltr' id='par_1_13' title="bbox 111 3417 1241 4696">
     <span class='ocr_line' id='line_1_20' title="bbox 219 3417 1238 3492; baseline -0.007 -2"><span class='ocrx_word' id='word_1_129' title='bbox 219 3423 288 3491; x_wconf 82' lang='lat' dir='ltr'>Nos</span> <span class='ocrx_word' id='word_1_130' title='bbox 305 3421 474 3492; x_wconf 84' lang='lat' dir='ltr'>Rolaodos</span> <span class='ocrx_word' id='word_1_131' title='bbox 493 3422 662 3489; x_wconf 84' lang='lat' dir='ltr'>Palatinus</span> <span class='ocrx_word' id='word_1_132' title='bbox 678 3427 711 3490; x_wconf 88' lang='lat' dir='ltr'>et</span> <span class='ocrx_word' id='word_1_133' title='bbox 725 3419 835 3488; x_wconf 86' lang='lat' dir='ltr'>Jndex</span> <span class='ocrx_word' id='word_1_134' title='bbox 855 3420 1070 3486; x_wconf 84' lang='lat' dir='ltr'>Oomauornm</span> <span class='ocrx_word' id='word_1_135' title='bbox 1088 3417 1238 3486; x_wconf 84' lang='lat' dir='ltr'>memorie</span> 
     </span>
     <span class='ocr_line' id='line_1_21' title="bbox 111 3526 1239 3614; baseline -0.004 -19"><span class='ocrx_word' id='word_1_136' title='bbox 111 3529 377 3599; x_wconf 85' lang='lat' dir='ltr'>eommeudantes</span> <span class='ocrx_word' id='word_1_137' title='bbox 407 3531 628 3614; x_wconf 84' lang='lat' dir='ltr'>significamus</span> <span class='ocrx_word' id='word_1_138' title='bbox 657 3528 774 3614; x_wconf 91' lang='lat' dir='ltr'>quibus</span> <span class='ocrx_word' id='word_1_139' title='bbox 806 3526 937 3614; x_wconf 82' lang='lat' dir='ltr'>expedit</span> <span class='ocrx_word' id='word_1_140' title='bbox 966 3537 1079 3594; x_wconf 87' lang='lat' dir='ltr'>tenore</span> <span class='ocrx_word' id='word_1_141' title='bbox 1109 3545 1239 3612; x_wconf 87' lang='lat' dir='ltr'>presen-</span> 
     </span>
     <span class='ocr_line' id='line_1_22' title="bbox 112 3631 1238 3720; baseline -0.005 -17"><span class='ocrx_word' id='word_1_142' title='bbox 112 3636 198 3703; x_wconf 87' lang='lat' dir='ltr'>eium</span> <span class='ocrx_word' id='word_1_143' title='bbox 229 3637 408 3718; x_wconf 85' lang='lat' dir='ltr'>uniuersis;</span> <span class='ocrx_word' id='word_1_144' title='bbox 433 3638 521 3720; x_wconf 85' lang='lat' dir='ltr'>qood</span> <span class='ocrx_word' id='word_1_145' title='bbox 552 3639 585 3703; x_wconf 93' lang='lat' dir='ltr'>in</span> <span class='ocrx_word' id='word_1_146' title='bbox 617 3635 881 3720; x_wconf 78' lang='lat' dir='ltr'>Congregeoione</span> <span class='ocrx_word' id='word_1_147' title='bbox 922 3640 1037 3699; x_wconf 87' lang='lat' dir='ltr'>nostra</span> <span class='ocrx_word' id='word_1_148' title='bbox 1077 3631 1238 3718; x_wconf 83' lang='lat' dir='ltr'>Generali,</span> 
     </span>
     <span class='ocr_line' id='line_1_23' title="bbox 111 3741 1240 3828; baseline -0.007 -15"><span class='ocrx_word' id='word_1_149' title='bbox 111 3765 210 3828; x_wconf 83' lang='lat' dir='ltr'>qnam</span> <span class='ocrx_word' id='word_1_150' title='bbox 240 3745 413 3814; x_wconf 76' lang='lat' dir='ltr'>habuimus</span> <span class='ocrx_word' id='word_1_151' title='bbox 442 3747 477 3812; x_wconf 93' lang='lat' dir='ltr'>in</span> <span class='ocrx_word' id='word_1_152' title='bbox 507 3747 668 3814; x_wconf 81' lang='lat' dir='ltr'>Comitatu</span> <span class='ocrx_word' id='word_1_153' title='bbox 706 3741 915 3812; x_wconf 87' lang='lat' dir='ltr'>Borsodienui</span> <span class='ocrx_word' id='word_1_154' title='bbox 953 3742 1112 3810; x_wconf 84' lang='lat' dir='ltr'>Nieolans</span> <span class='ocrx_word' id='word_1_155' title='bbox 1152 3741 1240 3808; x_wconf 88' lang='lat' dir='ltr'>lilius</span> 
     </span>
     <span class='ocr_line' id='line_1_24' title="bbox 111 3847 1236 3940; baseline -0.004 -23"><span class='ocrx_word' id='word_1_156' title='bbox 111 3851 247 3922; x_wconf 86' lang='lat' dir='ltr'>Comitis</span> <span class='ocrx_word' id='word_1_157' title='bbox 263 3853 391 3921; x_wconf 83' lang='lat' dir='ltr'>Nieolai</span> <span class='ocrx_word' id='word_1_158' title='bbox 406 3855 463 3938; x_wconf 83' lang='lat' dir='ltr'>filij</span> <span class='ocrx_word' id='word_1_159' title='bbox 480 3853 651 3940; x_wconf 87' lang='lat' dir='ltr'>Laurenoij</span> <span class='ocrx_word' id='word_1_160' title='bbox 670 3871 849 3935; x_wconf 82' lang='lat' dir='ltr'>exsurgens</span> <span class='ocrx_word' id='word_1_161' title='bbox 866 3860 979 3918; x_wconf 88' lang='lat' dir='ltr'>eontra</span> <span class='ocrx_word' id='word_1_162' title='bbox 995 3849 1114 3918; x_wconf 81' lang='lat' dir='ltr'>Jakow</span> <span class='ocrx_word' id='word_1_163' title='bbox 1130 3847 1236 3916; x_wconf 80' lang='lat' dir='ltr'>rusum</span> 
     </span>
     <span class='ocr_line' id='line_1_25' title="bbox 111 3958 1238 4043; baseline -0.005 -16"><span class='ocrx_word' id='word_1_164' title='bbox 111 3958 212 4027; x_wconf 81' lang='lat' dir='ltr'>tilium</span> <span class='ocrx_word' id='word_1_165' title='bbox 228 3961 413 4030; x_wconf 76' lang='lat' dir='ltr'>sebastiani</span> <span class='ocrx_word' id='word_1_166' title='bbox 430 3959 472 4030; x_wconf 90' lang='lat' dir='ltr'>de</span> <span class='ocrx_word' id='word_1_167' title='bbox 488 3962 573 4028; x_wconf 84' lang='lat' dir='ltr'>valle</span> <span class='ocrx_word' id='word_1_168' title='bbox 589 3961 681 4028; x_wconf 85' lang='lat' dir='ltr'>Zuha</span> <span class='ocrx_word' id='word_1_169' title='bbox 698 3958 944 4043; x_wconf 88' lang='lat' dir='ltr'>preseueialiter</span> <span class='ocrx_word' id='word_1_170' title='bbox 975 3963 1137 4025; x_wconf 77' lang='lat' dir='ltr'>astantem</span> <span class='ocrx_word' id='word_1_171' title='bbox 1169 3975 1238 4041; x_wconf 85' lang='lat' dir='ltr'>pro·</span> 
     </span>
     <span class='ocr_line' id='line_1_26' title="bbox 112 4064 1239 4155; baseline -0.007 -19"><span class='ocrx_word' id='word_1_172' title='bbox 112 4068 238 4154; x_wconf 81' lang='lat' dir='ltr'>posuit3</span> <span class='ocrx_word' id='word_1_173' title='bbox 262 4069 349 4155; x_wconf 86' lang='lat' dir='ltr'>quod</span> <span class='ocrx_word' id='word_1_174' title='bbox 379 4067 464 4136; x_wconf 89' lang='lat' dir='ltr'>idem</span> <span class='ocrx_word' id='word_1_175' title='bbox 496 4069 615 4137; x_wconf 81' lang='lat' dir='ltr'>Jakow</span> <span class='ocrx_word' id='word_1_176' title='bbox 645 4067 812 4152; x_wconf 88' lang='lat' dir='ltr'>quandam</span> <span class='ocrx_word' id='word_1_177' title='bbox 842 4064 1033 4153; x_wconf 82' lang='lat' dir='ltr'>particulam</span> <span class='ocrx_word' id='word_1_178' title='bbox 1066 4071 1150 4132; x_wconf 89' lang='lat' dir='ltr'>terre</span> <span class='ocrx_word' id='word_1_179' title='bbox 1182 4083 1239 4129; x_wconf 88' lang='lat' dir='ltr'>soe</span> 
     </span>
     <span class='ocr_line' id='line_1_27' title="bbox 114 4173 1240 4261; baseline -0.004 -21"><span class='ocrx_word' id='word_1_180' title='bbox 114 4182 314 4261; x_wconf 79' lang='lat' dir='ltr'>occupatam,</span> <span class='ocrx_word' id='word_1_181' title='bbox 348 4175 495 4245; x_wconf 88' lang='lat' dir='ltr'>indebite</span> <span class='ocrx_word' id='word_1_182' title='bbox 520 4183 551 4243; x_wconf 85' lang='lat' dir='ltr'>et</span> <span class='ocrx_word' id='word_1_183' title='bbox 583 4175 654 4244; x_wconf 88' lang='lat' dir='ltr'>sine</span> <span class='ocrx_word' id='word_1_184' title='bbox 692 4195 794 4242; x_wconf 87' lang='lat' dir='ltr'>eausa</span> <span class='ocrx_word' id='word_1_185' title='bbox 833 4173 1049 4240; x_wconf 72' lang='lat' dir='ltr'>detineretl]</span> <span class='ocrx_word' id='word_1_186' title='bbox 1083 4191 1240 4237; x_wconf 77' lang='lat' dir='ltr'>conuerso</span> 
     </span>
     <span class='ocr_line' id='line_1_28' title="bbox 114 4277 1238 4372; baseline -0.005 -22"><span class='ocrx_word' id='word_1_187' title='bbox 114 4290 223 4350; x_wconf 81' lang='lat' dir='ltr'>antem</span> <span class='ocrx_word' id='word_1_188' title='bbox 240 4284 326 4351; x_wconf 87' lang='lat' dir='ltr'>idern</span> <span class='ocrx_word' id='word_1_189' title='bbox 342 4283 462 4352; x_wconf 77' lang='lat' dir='ltr'>talou</span> <span class='ocrx_word' id='word_1_190' title='bbox 478 4285 655 4372; x_wconf 86' lang='lat' dir='ltr'>respondit,</span> <span class='ocrx_word' id='word_1_191' title='bbox 678 4282 766 4367; x_wconf 88' lang='lat' dir='ltr'>quod</span> <span class='ocrx_word' id='word_1_192' title='bbox 790 4280 926 4348; x_wconf 85' lang='lat' dir='ltr'>eandem</span> <span class='ocrx_word' id='word_1_193' title='bbox 943 4277 1137 4366; x_wconf 79' lang='lat' dir='ltr'>particulam</span> <span class='ocrx_word' id='word_1_194' title='bbox 1154 4287 1238 4346; x_wconf 87' lang='lat' dir='ltr'>terre</span> 
     </span>
     <span class='ocr_line' id='line_1_29' title="bbox 114 4386 1239 4479; baseline -0.004 -22"><span class='ocrx_word' id='word_1_195' title='bbox 114 4389 178 4459; x_wconf 86' lang='lat' dir='ltr'>sibi</span> <span class='ocrx_word' id='word_1_196' title='bbox 200 4389 351 4459; x_wconf 72' lang='lat' dir='ltr'>&lt;lominus</span> <span class='ocrx_word' id='word_1_197' title='bbox 376 4412 453 4460; x_wconf 90' lang='lat' dir='ltr'>suns</span> <span class='ocrx_word' id='word_1_198' title='bbox 469 4392 616 4479; x_wconf 84' lang='lat' dir='ltr'>prelatus</span> <span class='ocrx_word' id='word_1_199' title='bbox 642 4392 757 4458; x_wconf 85' lang='lat' dir='ltr'>Comes</span> <span class='ocrx_word' id='word_1_200' title='bbox 788 4389 944 4456; x_wconf 84' lang='lat' dir='ltr'>Nicolaus</span> <span class='ocrx_word' id='word_1_201' title='bbox 966 4387 1008 4454; x_wconf 87' lang='lat' dir='ltr'>ob</span> <span class='ocrx_word' id='word_1_202' title='bbox 1031 4386 1239 4453; x_wconf 86' lang='lat' dir='ltr'>seruieiorurn</span> 
     </span>
     <span class='ocr_line' id='line_1_30' title="bbox 113 4493 1241 4589; baseline -0.006 -23"><span class='ocrx_word' id='word_1_203' title='bbox 113 4517 243 4566; x_wconf 87' lang='lat' dir='ltr'>suornm</span> <span class='ocrx_word' id='word_1_204' title='bbox 275 4499 400 4568; x_wconf 87' lang='lat' dir='ltr'>meritis</span> <span class='ocrx_word' id='word_1_205' title='bbox 433 4498 519 4589; x_wconf 81' lang='lat' dir='ltr'>(tgy)</span> <span class='ocrx_word' id='word_1_206' title='bbox 551 4499 787 4588; x_wconf 83' lang='lat' dir='ltr'>perpetualiter</span> <span class='ocrx_word' id='word_1_207' title='bbox 809 4495 1044 4579; x_wconf 78' lang='lat' dir='ltr'>condonasset3</span> <span class='ocrx_word' id='word_1_208' title='bbox 1067 4495 1125 4566; x_wconf 81' lang='lat' dir='ltr'>sed</span> <span class='ocrx_word' id='word_1_209' title='bbox 1163 4493 1241 4577; x_wconf 84' lang='lat' dir='ltr'>quia</span> 
     </span>
     <span class='ocr_line' id='line_1_31' title="bbox 112 4600 1241 4696; baseline 0 -24"><span class='ocrx_word' id='word_1_210' title='bbox 112 4606 241 4674; x_wconf 87' lang='lat' dir='ltr'>iuterim</span> <span class='ocrx_word' id='word_1_211' title='bbox 273 4606 344 4694; x_wconf 86' lang='lat' dir='ltr'>ipse</span> <span class='ocrx_word' id='word_1_212' title='bbox 375 4607 491 4682; x_wconf 75' lang='lat' dir='ltr'>Comes</span> <span class='ocrx_word' id='word_1_213' title='bbox 516 4607 671 4676; x_wconf 84' lang='lat' dir='ltr'>Nicolons</span> <span class='ocrx_word' id='word_1_214' title='bbox 709 4603 914 4696; x_wconf 78' lang='lat' dir='ltr'>decessisset,</span> <span class='ocrx_word' id='word_1_215' title='bbox 945 4623 1005 4670; x_wconf 89' lang='lat' dir='ltr'>sua</span> <span class='ocrx_word' id='word_1_216' title='bbox 1028 4600 1241 4672; x_wconf 82' lang='lat' dir='ltr'>instrumenta</span> 
     </span>
    </p>
   </div>
   <div class='ocr_carea' id='block_1_14' title="bbox 0 0 1607 5196">
    <p class='ocr_par' dir='ltr' id='par_1_14' title="bbox 0 0 1607 5196">
     <span class='ocr_line' id='line_1_32' title="bbox 0 0 1607 5196; baseline 0 0"><span class='ocrx_word' id='word_1_217' title='bbox 0 0 1607 5196; x_wconf 95' lang='lat' dir='ltr'> </span> 
     </span>
    </p>
   </div>
  </div>
 </body>
</html>
