3194 5196
847 309 1007 421 jer„

362 499 438 578 iioet
467 510 560 579 illam
593 511 789 600 porcionem,
819 534 882 599 que
913 513 976 580 sibi
994 531 1035 579 ex
1050 517 1146 598 parte
1160 509 1292 578 domine
1307 511 1482 595 llargarcte

363 618 477 685 matria
493 638 551 687 sne
566 619 754 708 deuoueret,
770 623 822 688 oni
838 620 967 688 domine
993 620 1176 702 Margarete
1206 620 1281 703 ipsa
1310 605 1435 704 porcio
1449 637 1487 683 ex

362 730 458 806 perte
487 723 603 810 prioris
628 727 736 793 mariti
750 726 802 794 sni
818 748 875 816 pro
891 725 1132 811 quinquaginta
1147 724 1276 809 marcis,
1293 732 1326 791 et
1344 744 1386 790 ex
1401 730 1490 812 parte
1512 713 1514 718 ’

362 830 513 916 Dyonisij
545 831 679 900 secundi
710 834 819 900 mariti
850 820 901 900 sui
941 852 1001 918 pro
1028 827 1157 917 'viginti
1197 833 1342 916 quinque
1375 831 1489 897 mercis

361 943 505 1005 cesserat
535 939 569 1005 in
602 938 719 1025 dotem,
751 959 890 1008 necnon
920 961 980 1026 pro
1011 939 1181 1007 duodecim
1206 938 1325 1005 marcis
1339 957 1400 1024 per
1415 937 1489 1004 Isou

361 1045 502 1128 priorem
518 1044 670 1112 maritum
684 1045 829 1112 eiusdem
846 1045 976 1113 domine
992 1047 1093 1113 illene
1109 1047 1143 1112 in
1165 1045 1317 1131 expensis
1349 1043 1490 1129 redemp

361 1159 439 1235 tam,
469 1169 567 1236 qnam
584 1151 688 1220 eciam
703 1160 851 1238 quartem
867 1173 969 1240 suam,
992 1172 1089 1236 quam
1106 1153 1219 1220 eadem
1236 1151 1372 1219 domina
1385 1149 1490 1216 Eleus

360 1257 480 1326 ibidem
496 1257 642 1343 possidet
656 1258 723 1327 inre
739 1259 889 1346 naturali,
908 1258 1089 1344 porcionem
1108 1260 1212 1326 eciem
1243 1279 1307 1342 que
1338 1259 1402 1328 sibi
1434 1259 1490 1326 ibi·

360 1365 433 1432 dem
465 1364 497 1430 in
515 1365 682 1452 propriam
706 1366 824 1452 dotem,
842 1374 874 1432 et
890 1367 989 1433 aliam
1006 1368 1244 1451 possessionem
1260 1368 1377 1452 Knrug
1393 1388 1488 1435 roca·

360 1479 426 1538 tam
442 1474 531 1540 circe
547 1472 650 1559 liure,
667 1493 728 1558 qne
743 1473 895 1540 similiter
918 1473 981 1540 sibi
1011 1474 1045 1538 in
1077 1473 1186 1541 dotem
1217 1492 1259 1540 ex
1291 1483 1389 1560 parte
1419 1477 1491 1542 lson

360 1581 475 1666 prioris
506 1580 612 1647 meriti
645 1581 695 1647 eni
723 1587 934 1664 successerat,
967 1600 1037 1647 cum
1070 1581 1217 1676 omnibus
1247 1582 1448 1650 utilitatibus
1462 1591 1494 1650 et

362 1689 572 1774 pertinencijs
586 1687 829 1774 possessionum
847 1685 1077 1774 predictarum,
1095 1695 1213 1755 etcum
1246 1709 1313 1757 vna
1342 1690 1443 1757 vinea
1458 1691 1491 1756 in

364 1793 477 1882 Cbehy
508 1795 677 1881 existente,
709 1813 749 1860 ac
765 1813 836 1860 cnm
853 1794 980 1862 duobuu
997 1795 1100 1863 seruis
1115 1795 1255 1862 Martino
1273 1802 1307 1862 et
1322 1795 1493 1863 Valentino

358 1905 494 1990 vocatis,
510 1903 723 1988 donauernnt,
738 1903 943 1970 contulerunt
957 1908 989 1971 et
1001 1902 1161 1970 dederunt
1175 1903 1320 1988 predicte
1345 1903 1493 1972 Ecclesie

237 2042 241 2050 .
361 2012 472 2078 Sancti
503 2011 676 2078 Michaelis
706 2010 740 2076 in
772 2011 842 2076 uita
857 2015 889 2077 et
903 2010 936 2077 in
954 2017 1054 2077 morte
1073 2017 1230 2097 perpetuo
1246 2019 1279 2076 ot
1295 2011 1492 2080 irrenocsbi·

361 2121 433 2186 liter
448 2118 675 2205 possidendas,
694 2120 738 2186 ad
757 2121 889 2188 maioris
919 2119 1023 2186 eciam
1053 2119 1256 2186 certitudinis
1288 2119 1492 2188 enidencinm

360 2227 470 2293 omnia
501 2227 717 2296 instrumenta
747 2228 991 2315 possessionum
1002 2227 1225 2314 tpret'atarnm
1241 2227 1400 2294 discretis
1413 2229 1491 2295 viris

361 2333 516 2418 Magistro
532 2333 669 2403 Nicoleo
694 2335 862 2420 Proposito
893 2334 999 2401 Castri
1030 2335 1155 2420 Ferrey
1188 2341 1220 2399 et
1250 2335 1404 2421 capituto
1432 2335 1492 2401 uc-

359 2440 460 2506 clesie
506 2462 563 2508 sue
624 2439 787 2527 predictus
834 2440 949 2510 (lomes
994 2441 1133 2528 liaobye
1164 2440 1351 2527 designauit
1383 2463 1491 2510 coram

361 2547 463 2613 nobis.
495 2551 603 2616 Tener·
635 2556 744 2618 entem
774 2551 954 2618 litterarum
987 2551 1118 2636 Primis,
1135 2549 1324 2618 Ounncntns
1339 2556 1373 2618 et
1388 2570 1493 2620 saecr-

364 2655 475 2722 dotum
492 2657 568 2724 tnlis
588 2665 662 2726 est:

469 2765 535 2833 Nos
551 2766 644 2834 Prior
661 2773 691 2834 et
708 2768 892 2835 Conucntus
909 2769 1058 2834 Fratrum
1085 2765 1328 2834 Predicatornm
1360 2765 1403 2832 de
1433 2765 1491 2832 Or·

359 2872 435 2938 dine
467 2873 560 2940 Beati
590 2874 753 2942 Dominici
786 2875 829 2941 de
859 2877 978 2942 Ferrco
1009 2876 1122 2941 Castro
1153 2875 1307 2942 memorie
1333 2893 1493 2943 commen·

359 2980 476 3046 dantes
492 2979 712 3064 significamus
728 2983 846 3066 quibus
863 2979 997 3066 expedit
1013 2981 1215 3067 presencium
1230 3001 1290 3068 per
1318 2988 1490 3050 tenorem:

358 3088 444 3171 qnod
475 3106 547 3155 cum
579 3087 697 3156 nobilis
728 3089 860 3156 domina
890 3108 970 3156 ποτ
1001 3087 1289 3176 Comitisllachya
1314 3089 1485 3156 iniectum

359 3196 552 3278 egritudinis
581 3196 775 3282 decidisset3
800 3198 896 3264 nobis
927 3215 984 3283 per
1014 3216 1109 3263 suurn
1142 3195 1294 3264 nuncium
1326 3195 1493 3262 humiliter

353 3303 566 3390 supplicarit,
596 3307 730 3372 ntrluoe
760 3306 911 3372 exncbis
943 3302 987 3369 ad
1020 3323 1091 3370 eam
1123 3305 1251 3371 mittere
1267 3302 1493 3386 dignaremur,

358 3431 467 3478 eornm
486 3411 603 3496 quibus
619 3412 770 3480 ultimum
788 3433 846 3482 sue
863 3413 1035 3480 voluntatis
1067 3412 1222 3491 conderet
1251 3415 1492 3489 testamentum,

357 3517 426 3585 Nos
458 3516 542 3587 enim
575 3521 790 3606 peticionibus
822 3521 965 3588 eiusdem
997 3520 1126 3586 domine
1157 3518 1312 3602 legitimis
1345 3519 1494 3600 acquies-

360 3631 479 3715 centes,
497 3627 661 3694 dominum
682 3627 825 3696 Priorem
845 3633 877 3693 et
906 3632 1037 3694 tratrem
1070 3628 1217 3694 Blasinm
1248 3625 1293 3692 ad
1325 3623 1494 3711 prefatam

358 3733 523 3801 dominnm
557 3734 709 3803 duximus
740 3739 1048 3821 transmittendum
1072 3756 1179 3802 eoram
1211 3737 1331 3818 quibus
1364 3731 1496 3819 prelata

362 3844 750 3928 dominapossrssionrm
777 3865 869 3912 suum
901 3845 1027 3912 Olozku
1056 3852 1203 3910 vocatam
1236 3861 1310 3910 cnm
1341 3841 1495 3906 omnibns

362 3951 562 4018 utilitatibus
594 3952 671 4037 sutis,
706 3961 738 4018 et
769 3953 905 4019 ultorem
924 3949 1078 4017 Korokou
1099 3954 1317 4035 nuncupatam
1335 3949 1379 4014 ob
1396 3967 1495 4014 remc-

360 4061 449 4126 dium
468 4069 500 4127 et
516 4061 658 4127 sulutem
675 4060 782 4125 animo
799 4079 856 4126 sue
873 4058 973 4146 dedit,
1001 4058 1136 4126 donauit
1152 4065 1184 4125 ct
1216 4057 1355 4125 contulit
1386 4055 1497 4122 Eccle-

359 4170 409 4236 sie
424 4167 519 4238 Beati
550 4169 717 4235 Michaelis
749 4167 951 4252 archangeli,
968 4169 1028 4234 sub
1041 4169 1132 4234 onius
1149 4164 1337 4233 umbraculo
1355 4173 1388 4233 et
1403 4164 1497 4230 titulo
1576 4238 1585 4267 ἱ

358 4277 488 4364 prosata
519 4277 652 4344 domina
684 4284 715 4342 et
745 4275 830 4344 idem
864 4278 979 4343 Comes
1009 4275 1150 4360 Macbya
1189 4273 1394 4357 sepulturam
1434 4273 1497 4339 sibi

228 4467 237 4478 ,
360 4389 539 4469 elegerunt.
571 4386 638 4453 Nos
671 4387 756 4452 onim
787 4385 821 4450 in
839 4391 1064 4470 argumentum
1095 4381 1231 4463 maioris
1252 4381 1498 4448 cnidcncieser

358 4495 548 4562 secerdotes
566 4493 742 4561 vicinorum
761 4491 991 4578 Ecclesium,
1008 4491 1143 4558 Paulum
1178 4489 1290 4558 chlis
1308 4497 1340 4556 et
1373 4489 1497 4574 Grego-

361 4603 443 4684 rium
476 4601 662 4670 secerdotes
678 4601 719 4670 de
736 4601 907 4692 babbutio,
934 4601 1140 4670 Salomonem
1159 4599 1201 4668 de
1217 4599 1338 4669 Sancto
1354 4599 1496 4668 Lauren·
