<?xml version="1.0" encoding="UTF-8"?>
<!DOCTYPE html PUBLIC "-//W3C//DTD XHTML 1.0 Transitional//EN"
    "http://www.w3.org/TR/xhtml1/DTD/xhtml1-transitional.dtd">
<html xmlns="http://www.w3.org/1999/xhtml" xml:lang="en" lang="en">
 <head>
  <title>
</title>
<meta http-equiv="Content-Type" content="text/html;charset=utf-8" />
  <meta name='ocr-system' content='tesseract 3.04.00' />
  <meta name='ocr-capabilities' content='ocr_page ocr_carea ocr_par ocr_line ocrx_word'/>
</head>
<body>
  <div class='ocr_page' id='page_1' title='image "./codexdiplomatic00wenzgoog_0093.png"; bbox 0 0 3190 5190; ppageno 0'>
   <div class='ocr_carea' id='block_1_1' title="bbox 544 326 705 424">
    <p class='ocr_par' dir='ltr' id='par_1_1' title="bbox 544 326 705 424">
     <span class='ocr_line' id='line_1_1' title="bbox 544 326 705 424; baseline 0 -36"><span class='ocrx_word' id='word_1_1' title='bbox 544 326 705 424; x_wconf 37' lang='grc'>*4-9-</span> 
     </span>
    </p>
   </div>
   <div class='ocr_carea' id='block_1_2' title="bbox 20 515 1197 3701">
    <p class='ocr_par' dir='ltr' id='par_1_2' title="bbox 20 515 1197 3701">
     <span class='ocr_line' id='line_1_2' title="bbox 21 515 1190 608; baseline 0.004 -25"><span class='ocrx_word' id='word_1_2' title='bbox 21 556 24 564; x_wconf 90' lang='lat'><em>-</em></span> <span class='ocrx_word' id='word_1_3' title='bbox 94 519 238 608; x_wconf 80' lang='lat' dir='ltr'><strong>priuilegia</strong></span> <span class='ocrx_word' id='word_1_4' title='bbox 250 519 300 584; x_wconf 89' lang='lat' dir='ltr'><strong>nel</strong></span> <span class='ocrx_word' id='word_1_5' title='bbox 316 517 463 602; x_wconf 81' lang='lat' dir='ltr'><strong>quelibet</strong></span> <span class='ocrx_word' id='word_1_6' title='bbox 478 515 682 606; x_wconf 87' lang='lat' dir='ltr'><strong>documenta,</strong></span> <span class='ocrx_word' id='word_1_7' title='bbox 699 518 726 585; x_wconf 93' lang='lat' dir='ltr'><strong>si</strong></span> <span class='ocrx_word' id='word_1_8' title='bbox 737 536 802 602; x_wconf 92' lang='lat' dir='ltr'><strong>que</strong></span> <span class='ocrx_word' id='word_1_9' title='bbox 818 517 984 606; x_wconf 89' lang='lat' dir='ltr'><strong>haberent,</strong></span> <span class='ocrx_word' id='word_1_10' title='bbox 1001 519 1190 605; x_wconf 82' lang='lat' dir='ltr'><strong>proferrent</strong></span> 
     </span>
     <span class='ocr_line' id='line_1_3' title="bbox 20 623 1189 714; baseline 0.002 -22"><span class='ocrx_word' id='word_1_11' title='bbox 20 655 23 666; x_wconf 94' lang='lat'><em>·</em></span> <span class='ocrx_word' id='word_1_12' title='bbox 95 625 311 692; x_wconf 84' lang='lat' dir='ltr'><strong>etexhiherant</strong></span> <span class='ocrx_word' id='word_1_13' title='bbox 342 625 376 690; x_wconf 91' lang='lat' dir='ltr'><strong>in</strong></span> <span class='ocrx_word' id='word_1_14' title='bbox 400 623 529 691; x_wconf 70' lang='lat' dir='ltr'><strong>iudicio</strong></span> <span class='ocrx_word' id='word_1_15' title='bbox 561 644 671 694; x_wconf 92' lang='lat' dir='ltr'><strong>eoram</strong></span> <span class='ocrx_word' id='word_1_16' title='bbox 712 624 806 691; x_wconf 88' lang='lat' dir='ltr'><strong>nobis</strong></span> <span class='ocrx_word' id='word_1_17' title='bbox 837 633 952 693; x_wconf 89' lang='lat' dir='ltr'><strong>contra</strong></span> <span class='ocrx_word' id='word_1_18' title='bbox 991 628 1189 714; x_wconf 77' lang='lat' dir='ltr'><strong>Episcopum</strong></span> 
     </span>
     <span class='ocr_line' id='line_1_4' title="bbox 94 729 1189 819; baseline 0.003 -21"><span class='ocrx_word' id='word_1_19' title='bbox 94 732 272 800; x_wconf 77' lang='lat' dir='ltr'><strong>nodotum.</strong></span> <span class='ocrx_word' id='word_1_20' title='bbox 295 731 367 811; x_wconf 79' lang='lat' dir='ltr'><strong>Quo</strong></span> <span class='ocrx_word' id='word_1_21' title='bbox 383 729 745 812; x_wconf 88' lang='lat' dir='ltr'><strong>termino-adueniente‚</strong></span> <span class='ocrx_word' id='word_1_22' title='bbox 770 737 890 798; x_wconf 88' lang='lat' dir='ltr'><strong>octaua</strong></span> <span class='ocrx_word' id='word_1_23' title='bbox 914 732 1041 802; x_wconf 90' lang='lat' dir='ltr'><strong>scilicet</strong></span> <span class='ocrx_word' id='word_1_24' title='bbox 1072 735 1189 819; x_wconf 84' lang='lat' dir='ltr'><strong>Ascap-</strong></span> 
     </span>
     <span class='ocr_line' id='line_1_5' title="bbox 93 836 1192 928; baseline 0.002 -23"><span class='ocrx_word' id='word_1_25' title='bbox 93 839 173 906; x_wconf 88' lang='lat' dir='ltr'><strong>siouis</strong></span> <span class='ocrx_word' id='word_1_26' title='bbox 192 838 323 924; x_wconf 88' lang='lat' dir='ltr'>Domini,</span> <span class='ocrx_word' id='word_1_27' title='bbox 356 837 505 922; x_wconf 87' lang='lat' dir='ltr'><strong>quamuis</strong></span> <span class='ocrx_word' id='word_1_28' title='bbox 520 836 718 906; x_wconf 82' lang='lat' dir='ltr'><strong>venerabilis</strong></span> <span class='ocrx_word' id='word_1_29' title='bbox 734 843 828 922; x_wconf 87' lang='lat' dir='ltr'><strong>pater</strong></span> <span class='ocrx_word' id='word_1_30' title='bbox 844 838 994 908; x_wconf 92' lang='lat' dir='ltr'><strong>dominns</strong></span> <span class='ocrx_word' id='word_1_31' title='bbox 1009 841 1192 928; x_wconf 77' lang='lat' dir='ltr'><strong>Episcopus</strong></span> 
     </span>
     <span class='ocr_line' id='line_1_6' title="bbox 20 943 1190 1034; baseline 0.003 -24"><span class='ocrx_word' id='word_1_32' title='bbox 20 955 22 958; x_wconf 82' lang='grc'><strong>’</strong></span> <span class='ocrx_word' id='word_1_33' title='bbox 92 943 425 1030; x_wconf 84' lang='lat' dir='ltr'><strong>Quinqueecclesiensis,</strong></span> <span class='ocrx_word' id='word_1_34' title='bbox 442 943 510 1013; x_wconf 87' lang='lat' dir='ltr'><strong>suis</strong></span> <span class='ocrx_word' id='word_1_35' title='bbox 525 965 591 1011; x_wconf 93' lang='lat' dir='ltr'><strong>non</strong></span> <span class='ocrx_word' id='word_1_36' title='bbox 623 964 763 1030; x_wconf 88' lang='lat' dir='ltr'><strong>parcens</strong></span> <span class='ocrx_word' id='word_1_37' title='bbox 788 945 955 1014; x_wconf 78' lang='lat' dir='ltr'><strong>laboribus</strong></span> <span class='ocrx_word' id='word_1_38' title='bbox 971 954 1004 1016; x_wconf 87' lang='lat' dir='ltr'><strong>et</strong></span> <span class='ocrx_word' id='word_1_39' title='bbox 1027 947 1190 1034; x_wconf 86' lang='lat' dir='ltr'><strong>expensis,</strong></span> 
     </span>
     <span class='ocr_line' id='line_1_7' title="bbox 46 1049 1188 1138; baseline 0.003 -21"><span class='ocrx_word' id='word_1_40' title='bbox 46 1049 52 1064; x_wconf 79' lang='lat'><strong><em>¹</em></strong></span> <span class='ocrx_word' id='word_1_41' title='bbox 92 1070 142 1117; x_wconf 89' lang='lat' dir='ltr'><strong>sua</strong></span> <span class='ocrx_word' id='word_1_42' title='bbox 154 1049 269 1118; x_wconf 83' lang='lat' dir='ltr'><strong>iusticia</strong></span> <span class='ocrx_word' id='word_1_43' title='bbox 283 1049 448 1118; x_wconf 87' lang='lat' dir='ltr'><strong>mediante</strong></span> <span class='ocrx_word' id='word_1_44' title='bbox 464 1049 508 1117; x_wconf 88' lang='lat' dir='ltr'><strong>ad</strong></span> <span class='ocrx_word' id='word_1_45' title='bbox 523 1049 643 1117; x_wconf 81' lang='lat' dir='ltr'><strong>Nostro</strong></span> <span class='ocrx_word' id='word_1_46' title='bbox 659 1050 843 1119; x_wconf 78' lang='lat' dir='ltr'><strong>Maiestatis</strong></span> <span class='ocrx_word' id='word_1_47' title='bbox 860 1054 1066 1138; x_wconf 89' lang='lat' dir='ltr'><strong>presenciam</strong></span> <span class='ocrx_word' id='word_1_48' title='bbox 1082 1073 1188 1122; x_wconf 88' lang='lat' dir='ltr'><strong>acces·</strong></span> 
     </span>
     <span class='ocr_line' id='line_1_8' title="bbox 20 1155 1191 1245; baseline 0.005 -24"><span class='ocrx_word' id='word_1_49' title='bbox 20 1209 21 1212; x_wconf 63' lang='lat'><strong>,</strong></span> <span class='ocrx_word' id='word_1_50' title='bbox 91 1157 179 1243; x_wconf 85' lang='lat' dir='ltr'><strong>sisset,</strong></span> <span class='ocrx_word' id='word_1_51' title='bbox 193 1155 292 1225; x_wconf 87' lang='lat' dir='ltr'><strong>omnia</strong></span> <span class='ocrx_word' id='word_1_52' title='bbox 309 1175 371 1224; x_wconf 87' lang='lat' dir='ltr'><strong>sua</strong></span> <span class='ocrx_word' id='word_1_53' title='bbox 385 1156 565 1242; x_wconf 84' lang='lat' dir='ltr'><strong>priuilegia</strong></span> <span class='ocrx_word' id='word_1_54' title='bbox 579 1165 646 1224; x_wconf 87' lang='lat' dir='ltr'><strong>tam</strong></span> <span class='ocrx_word' id='word_1_55' title='bbox 678 1158 783 1244; x_wconf 83' lang='lat' dir='ltr'><strong>patris</strong></span> <span class='ocrx_word' id='word_1_56' title='bbox 816 1160 918 1226; x_wconf 83' lang='lat' dir='ltr'><strong>nostri</strong></span> <span class='ocrx_word' id='word_1_57' title='bbox 948 1179 1045 1245; x_wconf 88' lang='lat' dir='ltr'><strong>qnam</strong></span> <span class='ocrx_word' id='word_1_58' title='bbox 1078 1165 1191 1228; x_wconf 89' lang='lat' dir='ltr'><strong>nostra</strong></span> 
     </span>
     <span class='ocr_line' id='line_1_9' title="bbox 20 1261 1190 1349; baseline 0.003 -21"><span class='ocrx_word' id='word_1_59' title='bbox 20 1283 22 1348; x_wconf 60' lang='grc' dir='ltr'><em>ᾗ</em></span> <span class='ocrx_word' id='word_1_60' title='bbox 92 1281 173 1347; x_wconf 88' lang='lat' dir='ltr'><strong>super</strong></span> <span class='ocrx_word' id='word_1_61' title='bbox 199 1262 314 1330; x_wconf 87' lang='lat' dir='ltr'><strong>eisdem</strong></span> <span class='ocrx_word' id='word_1_62' title='bbox 330 1263 593 1349; x_wconf 83' lang='lat' dir='ltr'><strong>possessionibus</strong></span> <span class='ocrx_word' id='word_1_63' title='bbox 609 1261 785 1349; x_wconf 89' lang='lat' dir='ltr'><strong>impetrata</strong></span> <span class='ocrx_word' id='word_1_64' title='bbox 801 1281 911 1332; x_wconf 87' lang='lat' dir='ltr'><strong>eoram</strong></span> <span class='ocrx_word' id='word_1_65' title='bbox 932 1263 1027 1332; x_wconf 87' lang='lat' dir='ltr'><strong>nobis</strong></span> <span class='ocrx_word' id='word_1_66' title='bbox 1044 1265 1078 1333; x_wconf 90' lang='lat' dir='ltr'><strong>in</strong></span> <span class='ocrx_word' id='word_1_67' title='bbox 1091 1263 1190 1332; x_wconf 93' lang='lat' dir='ltr'><strong>medi·</strong></span> 
     </span>
     <span class='ocr_line' id='line_1_10' title="bbox 20 1367 1191 1472; baseline 0.002 -36"><span class='ocrx_word' id='word_1_68' title='bbox 20 1401 22 1472; x_wconf 63' lang='lat'>3</span> <span class='ocrx_word' id='word_1_69' title='bbox 90 1390 134 1436; x_wconf 91' lang='lat' dir='ltr'><strong>um</strong></span> <span class='ocrx_word' id='word_1_70' title='bbox 147 1367 325 1454; x_wconf 81' lang='lat' dir='ltr'><strong>proferendo</strong></span> <span class='ocrx_word' id='word_1_71' title='bbox 342 1396 351 1458; x_wconf 94' lang='lat'>;</span> <span class='ocrx_word' id='word_1_72' title='bbox 382 1377 579 1438; x_wconf 88' lang='lat' dir='ltr'><strong>memoratus</strong></span> <span class='ocrx_word' id='word_1_73' title='bbox 593 1374 704 1437; x_wconf 77' lang='lat' dir='ltr'><strong>tamm</strong></span> <span class='ocrx_word' id='word_1_74' title='bbox 719 1369 869 1437; x_wconf 85' lang='lat' dir='ltr'><strong>Detricus</strong></span> <span class='ocrx_word' id='word_1_75' title='bbox 885 1369 1002 1438; x_wconf 82' lang='lat' dir='ltr'><strong>(lomes</strong></span> <span class='ocrx_word' id='word_1_76' title='bbox 1017 1382 1051 1440; x_wconf 91' lang='lat' dir='ltr'><strong>et</strong></span> <span class='ocrx_word' id='word_1_77' title='bbox 1082 1371 1191 1438; x_wconf 84' lang='lat' dir='ltr'><strong>Loka-</strong></span> 
     </span>
     <span class='ocr_line' id='line_1_11' title="bbox 20 1471 1190 1563; baseline 0.001 -20"><span class='ocrx_word' id='word_1_78' title='bbox 20 1473 22 1524; x_wconf 69' lang='grc' dir='ltr'>ἱ</span> <span class='ocrx_word' id='word_1_79' title='bbox 90 1471 287 1543; x_wconf 78' lang='lat' dir='ltr'><strong>eliminator</strong></span> <span class='ocrx_word' id='word_1_80' title='bbox 320 1476 391 1544; x_wconf 86' lang='lat' dir='ltr'><strong>eius</strong></span> <span class='ocrx_word' id='word_1_81' title='bbox 407 1496 471 1543; x_wconf 89' lang='lat' dir='ltr'><strong>non</strong></span> <span class='ocrx_word' id='word_1_82' title='bbox 503 1483 752 1562; x_wconf 89' lang='lat' dir='ltr'><strong>comparuemnt</strong></span> <span class='ocrx_word' id='word_1_83' title='bbox 784 1494 843 1562; x_wconf 88' lang='lat' dir='ltr'><strong>per</strong></span> <span class='ocrx_word' id='word_1_84' title='bbox 873 1495 909 1544; x_wconf 88' lang='lat' dir='ltr'><strong>se</strong></span> <span class='ocrx_word' id='word_1_85' title='bbox 924 1478 977 1544; x_wconf 85' lang='lat' dir='ltr'><strong>vel</strong></span> <span class='ocrx_word' id='word_1_86' title='bbox 1008 1497 1067 1563; x_wconf 89' lang='lat' dir='ltr'><strong>per</strong></span> <span class='ocrx_word' id='word_1_87' title='bbox 1091 1477 1190 1544; x_wconf 89' lang='lat' dir='ltr'><strong>alium</strong></span> 
     </span>
     <span class='ocr_line' id='line_1_12' title="bbox 20 1580 1194 1669; baseline 0.001 -21"><span class='ocrx_word' id='word_1_88' title='bbox 20 1619 21 1668; x_wconf 56' lang='grc' dir='ltr'>ι</span> <span class='ocrx_word' id='word_1_89' title='bbox 90 1581 210 1664; x_wconf 81' lang='lat' dir='ltr'><strong>aliquem</strong></span> <span class='ocrx_word' id='word_1_90' title='bbox 231 1580 442 1669; x_wconf 87' lang='lat' dir='ltr'><strong>defensorem,</strong></span> <span class='ocrx_word' id='word_1_91' title='bbox 468 1601 528 1652; x_wconf 89' lang='lat' dir='ltr'><strong>neo</strong></span> <span class='ocrx_word' id='word_1_92' title='bbox 559 1583 721 1669; x_wconf 84' lang='lat' dir='ltr'><strong>prefatum</strong></span> <span class='ocrx_word' id='word_1_93' title='bbox 752 1580 957 1668; x_wconf 81' lang='lat' dir='ltr'><strong>priuilegium</strong></span> <span class='ocrx_word' id='word_1_94' title='bbox 990 1582 1051 1648; x_wconf 88' lang='lat' dir='ltr'><strong>sub</strong></span> <span class='ocrx_word' id='word_1_95' title='bbox 1091 1599 1194 1650; x_wconf 87' lang='lat' dir='ltr'><strong>aurea</strong></span> 
     </span>
     <span class='ocr_line' id='line_1_13' title="bbox 20 1687 1192 1773; baseline -0.002 -19"><span class='ocrx_word' id='word_1_96' title='bbox 20 1697 22 1746; x_wconf 65' lang='lat' dir='ltr'><strong>i</strong></span> <span class='ocrx_word' id='word_1_97' title='bbox 88 1687 163 1755; x_wconf 83' lang='lat' dir='ltr'><strong>bulla</strong></span> <span class='ocrx_word' id='word_1_98' title='bbox 175 1696 205 1755; x_wconf 90' lang='lat' dir='ltr'><strong>et</strong></span> <span class='ocrx_word' id='word_1_99' title='bbox 218 1696 329 1756; x_wconf 86' lang='lat' dir='ltr'><strong>cetera</strong></span> <span class='ocrx_word' id='word_1_100' title='bbox 355 1688 554 1756; x_wconf 91' lang='lat' dir='ltr'><strong>munimenta</strong></span> <span class='ocrx_word' id='word_1_101' title='bbox 571 1689 788 1757; x_wconf 81' lang='lat' dir='ltr'><strong>exhibuerunt</strong></span> <span class='ocrx_word' id='word_1_102' title='bbox 801 1688 852 1756; x_wconf 82' lang='lat' dir='ltr'><strong>vel</strong></span> <span class='ocrx_word' id='word_1_103' title='bbox 871 1687 1018 1754; x_wconf 87' lang='lat' dir='ltr'><strong>exhiberi</strong></span> <span class='ocrx_word' id='word_1_104' title='bbox 1034 1687 1192 1773; x_wconf 82' lang='lat' dir='ltr'><strong>lecerunt,</strong></span> 
     </span>
     <span class='ocr_line' id='line_1_14' title="bbox 20 1793 1190 1881; baseline 0.002 -21"><span class='ocrx_word' id='word_1_105' title='bbox 20 1795 22 1838; x_wconf 65' lang='grc' dir='ltr'>ἕ</span> <span class='ocrx_word' id='word_1_106' title='bbox 86 1793 154 1861; x_wconf 77' lang='lat' dir='ltr'><strong>deut</strong></span> <span class='ocrx_word' id='word_1_107' title='bbox 167 1794 264 1862; x_wconf 88' lang='lat' dir='ltr'><strong>iacere</strong></span> <span class='ocrx_word' id='word_1_108' title='bbox 278 1801 314 1863; x_wconf 86' lang='lat' dir='ltr'><strong>et</strong></span> <span class='ocrx_word' id='word_1_109' title='bbox 330 1795 481 1862; x_wconf 81' lang='lat' dir='ltr'><strong>exhibere</strong></span> <span class='ocrx_word' id='word_1_110' title='bbox 497 1796 718 1881; x_wconf 89' lang='lat' dir='ltr'><strong>peremptorie</strong></span> <span class='ocrx_word' id='word_1_111' title='bbox 732 1797 939 1879; x_wconf 88' lang='lat' dir='ltr'><strong>tenebantur,</strong></span> <span class='ocrx_word' id='word_1_112' title='bbox 955 1795 1046 1862; x_wconf 86' lang='lat' dir='ltr'><strong>iuxta</strong></span> <span class='ocrx_word' id='word_1_113' title='bbox 1060 1802 1190 1863; x_wconf 90' lang='lat' dir='ltr'><strong>nostra·</strong></span> 
     </span>
     <span class='ocr_line' id='line_1_15' title="bbox 20 1900 1187 1987; baseline 0.001 -17"><span class='ocrx_word' id='word_1_114' title='bbox 20 1937 22 1970; x_wconf 78' lang='lat' dir='ltr'><em>z</em></span> <span class='ocrx_word' id='word_1_115' title='bbox 85 1921 142 1966; x_wconf 85' lang='lat' dir='ltr'><strong>rum</strong></span> <span class='ocrx_word' id='word_1_116' title='bbox 168 1903 402 1971; x_wconf 89' lang='lat' dir='ltr'><strong>continenciam</strong></span> <span class='ocrx_word' id='word_1_117' title='bbox 441 1903 633 1974; x_wconf 88' lang='lat' dir='ltr'><strong>litterarum.</strong></span> <span class='ocrx_word' id='word_1_118' title='bbox 674 1902 743 1970; x_wconf 87' lang='lat' dir='ltr'><strong>Nos</strong></span> <span class='ocrx_word' id='word_1_119' title='bbox 775 1900 886 1987; x_wconf 88' lang='lat' dir='ltr'><strong>itaque</strong></span> <span class='ocrx_word' id='word_1_120' title='bbox 926 1921 991 1968; x_wconf 94' lang='lat' dir='ltr'><strong>non</strong></span> <span class='ocrx_word' id='word_1_121' title='bbox 1026 1901 1187 1971; x_wconf 78' lang='lat' dir='ltr'><strong>callentes</strong></span> 
     </span>
     <span class='ocr_line' id='line_1_16' title="bbox 20 2006 1192 2104; baseline 0 -30"><span class='ocrx_word' id='word_1_122' title='bbox 20 2057 21 2104; x_wconf 72' lang='lat'>3</span> <span class='ocrx_word' id='word_1_123' title='bbox 85 2006 195 2077; x_wconf 77' lang='lat' dir='ltr'><strong>alterins</strong></span> <span class='ocrx_word' id='word_1_124' title='bbox 223 2008 284 2076; x_wconf 89' lang='lat' dir='ltr'><strong>iuri</strong></span> <span class='ocrx_word' id='word_1_125' title='bbox 310 2008 424 2076; x_wconf 86' lang='lat' dir='ltr'><strong>deesse</strong></span> <span class='ocrx_word' id='word_1_126' title='bbox 439 2017 471 2078; x_wconf 90' lang='lat' dir='ltr'><strong>et</strong></span> <span class='ocrx_word' id='word_1_127' title='bbox 485 2008 623 2096; x_wconf 86' lang='lat' dir='ltr'><strong>iusticie,</strong></span> <span class='ocrx_word' id='word_1_128' title='bbox 640 2028 712 2077; x_wconf 87' lang='lat' dir='ltr'><strong>cum</strong></span> <span class='ocrx_word' id='word_1_129' title='bbox 730 2009 851 2076; x_wconf 87' lang='lat' dir='ltr'><strong>veritas</strong></span> <span class='ocrx_word' id='word_1_130' title='bbox 868 2007 1022 2094; x_wconf 87' lang='lat' dir='ltr'><strong>equitatis</strong></span> <span class='ocrx_word' id='word_1_131' title='bbox 1043 2007 1192 2076; x_wconf 88' lang='lat' dir='ltr'><strong>eiusdem</strong></span> 
     </span>
     <span class='ocr_line' id='line_1_17' title="bbox 84 2114 1195 2202; baseline 0.003 -23.782"><span class='ocrx_word' id='word_1_132' title='bbox 84 2115 255 2183; x_wconf 75' lang='lat' dir='ltr'><strong>ammobilia</strong></span> <span class='ocrx_word' id='word_1_133' title='bbox 271 2115 384 2202; x_wconf 84' lang='lat' dir='ltr'><strong>sepius</strong></span> <span class='ocrx_word' id='word_1_134' title='bbox 416 2118 584 2202; x_wconf 80' lang='lat' dir='ltr'><strong>exagitata</strong></span> <span class='ocrx_word' id='word_1_135' title='bbox 613 2117 647 2182; x_wconf 89' lang='lat' dir='ltr'><strong>in</strong></span> <span class='ocrx_word' id='word_1_136' title='bbox 676 2115 781 2183; x_wconf 87' lang='lat' dir='ltr'><strong>lucem</strong></span> <span class='ocrx_word' id='word_1_137' title='bbox 813 2114 1051 2199; x_wconf 87' lang='lat' dir='ltr'><strong>resplenduerit</strong></span> <span class='ocrx_word' id='word_1_138' title='bbox 1081 2133 1195 2182; x_wconf 90' lang='lat' dir='ltr'><strong>coram</strong></span> 
     </span>
     <span class='ocr_line' id='line_1_18' title="bbox 82 2220 1197 2308; baseline -0.003 -16.211"><span class='ocrx_word' id='word_1_139' title='bbox 82 2220 169 2308; x_wconf 87' lang='lat' dir='ltr'><strong>nohis,</strong></span> <span class='ocrx_word' id='word_1_140' title='bbox 183 2241 222 2289; x_wconf 93' lang='lat' dir='ltr'><strong>ne</strong></span> <span class='ocrx_word' id='word_1_141' title='bbox 236 2224 265 2290; x_wconf 94' lang='lat' dir='ltr'><strong>si</strong></span> <span class='ocrx_word' id='word_1_142' title='bbox 281 2223 435 2290; x_wconf 88' lang='lat' dir='ltr'><strong>nimirum</strong></span> <span class='ocrx_word' id='word_1_143' title='bbox 444 2223 599 2308; x_wconf 78' lang='lat' dir='ltr'><strong>Regulam</strong></span> <span class='ocrx_word' id='word_1_144' title='bbox 618 2221 825 2290; x_wconf 79' lang='lat' dir='ltr'><strong>emolliamus</strong></span> <span class='ocrx_word' id='word_1_145' title='bbox 840 2221 1014 2307; x_wconf 87' lang='lat' dir='ltr'><strong>iusticiam,</strong></span> <span class='ocrx_word' id='word_1_146' title='bbox 1030 2221 1065 2287; x_wconf 92' lang='lat' dir='ltr'><strong>in</strong></span> <span class='ocrx_word' id='word_1_147' title='bbox 1077 2221 1197 2306; x_wconf 89' lang='lat' dir='ltr'><strong>peiora</strong></span> 
     </span>
     <span class='ocr_line' id='line_1_19' title="bbox 82 2326 1196 2418; baseline 0.003 -25"><span class='ocrx_word' id='word_1_148' title='bbox 82 2327 273 2412; x_wconf 81' lang='lat' dir='ltr'><strong>malignomm</strong></span> <span class='ocrx_word' id='word_1_149' title='bbox 290 2329 394 2396; x_wconf 88' lang='lat' dir='ltr'><strong>animi</strong></span> <span class='ocrx_word' id='word_1_150' title='bbox 409 2329 625 2418; x_wconf 82' lang='lat' dir='ltr'><strong>indumentur,</strong></span> <span class='ocrx_word' id='word_1_151' title='bbox 657 2327 813 2415; x_wconf 90' lang='lat' dir='ltr'><strong>inspectis</strong></span> <span class='ocrx_word' id='word_1_152' title='bbox 829 2327 979 2396; x_wconf 90' lang='lat' dir='ltr'><strong>omnibus</strong></span> <span class='ocrx_word' id='word_1_153' title='bbox 1007 2326 1196 2415; x_wconf 83' lang='lat' dir='ltr'><strong>priuilegijs</strong></span> 
     </span>
     <span class='ocr_line' id='line_1_20' title="bbox 80 2435 1192 2531; baseline 0.002 -29"><span class='ocrx_word' id='word_1_154' title='bbox 80 2435 205 2504; x_wconf 86' lang='lat' dir='ltr'><strong>eiusdem</strong></span> <span class='ocrx_word' id='word_1_155' title='bbox 235 2435 361 2504; x_wconf 87' lang='lat' dir='ltr'><strong>domini</strong></span> <span class='ocrx_word' id='word_1_156' title='bbox 391 2437 554 2531; x_wconf 79' lang='lat' dir='ltr'><strong>Episcopi,</strong></span> <span class='ocrx_word' id='word_1_157' title='bbox 585 2445 618 2505; x_wconf 91' lang='lat' dir='ltr'><strong>et</strong></span> <span class='ocrx_word' id='word_1_158' title='bbox 633 2438 779 2523; x_wconf 89' lang='lat' dir='ltr'><strong>ipsorum</strong></span> <span class='ocrx_word' id='word_1_159' title='bbox 795 2435 1050 2523; x_wconf 85' lang='lat' dir='ltr'><strong>priuilegiomm,</strong></span> <span class='ocrx_word' id='word_1_160' title='bbox 1076 2436 1192 2504; x_wconf 86' lang='lat' dir='ltr'><strong>instru-</strong></span> 
     </span>
     <span class='ocr_line' id='line_1_21' title="bbox 80 2543 1193 2630; baseline 0.006 -25"><span class='ocrx_word' id='word_1_161' title='bbox 80 2549 317 2613; x_wconf 71' lang='lat' dir='ltr'><strong>nenbrunnen</strong></span> <span class='ocrx_word' id='word_1_162' title='bbox 347 2545 622 2612; x_wconf 90' lang='lat' dir='ltr'><strong>munimentorum</strong></span> <span class='ocrx_word' id='word_1_163' title='bbox 652 2543 858 2612; x_wconf 89' lang='lat' dir='ltr'><strong>continencia</strong></span> <span class='ocrx_word' id='word_1_164' title='bbox 888 2545 999 2630; x_wconf 90' lang='lat' dir='ltr'><strong>sepius</strong></span> <span class='ocrx_word' id='word_1_165' title='bbox 1029 2544 1193 2620; x_wconf 80' lang='lat' dir='ltr'><strong>recensita</strong></span> 
     </span>
     <span class='ocr_line' id='line_1_22' title="bbox 78 2651 1192 2741; baseline 0.004 -27"><span class='ocrx_word' id='word_1_166' title='bbox 78 2668 126 2716; x_wconf 88' lang='lat' dir='ltr'><strong>seo</strong></span> <span class='ocrx_word' id='word_1_167' title='bbox 145 2652 297 2741; x_wconf 86' lang='lat' dir='ltr'><strong>perlecta,</strong></span> <span class='ocrx_word' id='word_1_168' title='bbox 315 2658 347 2719; x_wconf 91' lang='lat' dir='ltr'><strong>et</strong></span> <span class='ocrx_word' id='word_1_169' title='bbox 362 2654 435 2719; x_wconf 91' lang='lat' dir='ltr'><strong>sine</strong></span> <span class='ocrx_word' id='word_1_170' title='bbox 459 2651 711 2740; x_wconf 88' lang='lat' dir='ltr'><strong>reprehensione</strong></span> <span class='ocrx_word' id='word_1_171' title='bbox 727 2651 841 2735; x_wconf 88' lang='lat' dir='ltr'><strong>aliqua</strong></span> <span class='ocrx_word' id='word_1_172' title='bbox 855 2651 988 2736; x_wconf 80' lang='lat' dir='ltr'><strong>cognita</strong></span> <span class='ocrx_word' id='word_1_173' title='bbox 1003 2656 1036 2716; x_wconf 88' lang='lat' dir='ltr'><strong>ct</strong></span> <span class='ocrx_word' id='word_1_174' title='bbox 1052 2657 1192 2738; x_wconf 85' lang='lat' dir='ltr'><strong>reperta,</strong></span> 
     </span>
     <span class='ocr_line' id='line_1_23' title="bbox 80 2757 1189 2847; baseline 0.005 -26"><span class='ocrx_word' id='word_1_175' title='bbox 80 2774 130 2838; x_wconf 86' lang='lat' dir='ltr'><strong>que</strong></span> <span class='ocrx_word' id='word_1_176' title='bbox 143 2777 233 2844; x_wconf 89' lang='lat' dir='ltr'><strong>super</strong></span> <span class='ocrx_word' id='word_1_177' title='bbox 249 2760 419 2845; x_wconf 91' lang='lat' dir='ltr'><strong>premissis</strong></span> <span class='ocrx_word' id='word_1_178' title='bbox 434 2761 696 2847; x_wconf 88' lang='lat' dir='ltr'><strong>possessionibus</strong></span> <span class='ocrx_word' id='word_1_179' title='bbox 705 2779 763 2828; x_wconf 91' lang='lat' dir='ltr'><strong>seu</strong></span> <span class='ocrx_word' id='word_1_180' title='bbox 772 2757 897 2847; x_wconf 87' lang='lat' dir='ltr'><strong>predijs</strong></span> <span class='ocrx_word' id='word_1_181' title='bbox 906 2757 1044 2845; x_wconf 84' lang='lat' dir='ltr'><strong>Sneohe,</strong></span> <span class='ocrx_word' id='word_1_182' title='bbox 1062 2759 1189 2846; x_wconf 81' lang='lat' dir='ltr'><strong>Prelaa,</strong></span> 
     </span>
     <span class='ocr_line' id='line_1_24' title="bbox 78 2853 1193 2952; baseline 0.002 -25"><span class='ocrx_word' id='word_1_183' title='bbox 78 2861 222 2952; x_wconf 72' lang='lat' dir='ltr'><strong>bipennis,</strong></span> <span class='ocrx_word' id='word_1_184' title='bbox 238 2867 392 2935; x_wconf 88' lang='lat' dir='ltr'><strong>Rosusna</strong></span> <span class='ocrx_word' id='word_1_185' title='bbox 408 2873 441 2935; x_wconf 89' lang='lat' dir='ltr'><strong>et</strong></span> <span class='ocrx_word' id='word_1_186' title='bbox 456 2867 596 2935; x_wconf 83' lang='lat' dir='ltr'><strong>Snmkut</strong></span> <span class='ocrx_word' id='word_1_187' title='bbox 611 2867 662 2935; x_wconf 84' lang='lat' dir='ltr'><strong>ius</strong></span> <span class='ocrx_word' id='word_1_188' title='bbox 679 2881 711 2933; x_wconf 81' lang='lat' dir='ltr'><strong>et</strong></span> <span class='ocrx_word' id='word_1_189' title='bbox 726 2867 892 2934; x_wconf 89' lang='lat' dir='ltr'><strong>iusticiam</strong></span> <span class='ocrx_word' id='word_1_190' title='bbox 909 2863 1053 2932; x_wconf 90' lang='lat' dir='ltr'><strong>eiusdem</strong></span> <span class='ocrx_word' id='word_1_191' title='bbox 1069 2853 1193 2930; x_wconf 87' lang='lat' dir='ltr'><strong>domini</strong></span> 
     </span>
     <span class='ocr_line' id='line_1_25' title="bbox 78 2969 1192 3061; baseline 0.004 -27"><span class='ocrx_word' id='word_1_192' title='bbox 78 2970 213 3059; x_wconf 86' lang='lat' dir='ltr'><strong>Episcopi</strong></span> <span class='ocrx_word' id='word_1_193' title='bbox 227 2972 420 3060; x_wconf 88' lang='lat' dir='ltr'><strong>plenissime</strong></span> <span class='ocrx_word' id='word_1_194' title='bbox 437 2975 672 3061; x_wconf 86' lang='lat' dir='ltr'><strong>exprimebant,</strong></span> <span class='ocrx_word' id='word_1_195' title='bbox 688 2980 786 3059; x_wconf 91' lang='lat' dir='ltr'><strong>prout</strong></span> <span class='ocrx_word' id='word_1_196' title='bbox 801 2973 896 3058; x_wconf 83' lang='lat' dir='ltr'><strong>rigor</strong></span> <span class='ocrx_word' id='word_1_197' title='bbox 906 2970 1036 3039; x_wconf 88' lang='lat' dir='ltr'><strong>iusticie</strong></span> <span class='ocrx_word' id='word_1_198' title='bbox 1052 2969 1192 3056; x_wconf 82' lang='lat' dir='ltr'><strong>questio</strong></span> 
     </span>
     <span class='ocr_line' id='line_1_26' title="bbox 77 3077 1194 3166; baseline 0.004 -26"><span class='ocrx_word' id='word_1_199' title='bbox 77 3097 139 3142; x_wconf 81' lang='lat' dir='ltr'><strong>nom</strong></span> <span class='ocrx_word' id='word_1_200' title='bbox 154 3079 341 3148; x_wconf 89' lang='lat' dir='ltr'><strong>huiusmodi</strong></span> <span class='ocrx_word' id='word_1_201' title='bbox 372 3079 521 3148; x_wconf 90' lang='lat' dir='ltr'><strong>dirimere</strong></span> <span class='ocrx_word' id='word_1_202' title='bbox 552 3080 715 3166; x_wconf 83' lang='lat' dir='ltr'><strong>exigebat,</strong></span> <span class='ocrx_word' id='word_1_203' title='bbox 732 3079 877 3165; x_wconf 87' lang='lat' dir='ltr'><strong>prelatas</strong></span> <span class='ocrx_word' id='word_1_204' title='bbox 893 3077 1119 3164; x_wconf 86' lang='lat' dir='ltr'><strong>possessiones</strong></span> <span class='ocrx_word' id='word_1_205' title='bbox 1134 3097 1194 3145; x_wconf 87' lang='lat' dir='ltr'><strong>scu</strong></span> 
     </span>
     <span class='ocr_line' id='line_1_27' title="bbox 75 3185 1191 3273; baseline 0 -23"><span class='ocrx_word' id='word_1_206' title='bbox 75 3185 174 3269; x_wconf 86' lang='lat' dir='ltr'><strong>predia</strong></span> <span class='ocrx_word' id='word_1_207' title='bbox 187 3187 282 3256; x_wconf 88' lang='lat' dir='ltr'><strong>iuxta</strong></span> <span class='ocrx_word' id='word_1_208' title='bbox 297 3195 442 3255; x_wconf 85' lang='lat' dir='ltr'><strong>tenorem</strong></span> <span class='ocrx_word' id='word_1_209' title='bbox 459 3188 704 3272; x_wconf 85' lang='lat' dir='ltr'><strong>priuilegiorum</strong></span> <span class='ocrx_word' id='word_1_210' title='bbox 721 3188 826 3273; x_wconf 87' lang='lat' dir='ltr'><strong>patris</strong></span> <span class='ocrx_word' id='word_1_211' title='bbox 842 3186 944 3254; x_wconf 89' lang='lat' dir='ltr'><strong>nostri</strong></span> <span class='ocrx_word' id='word_1_212' title='bbox 961 3193 994 3253; x_wconf 89' lang='lat' dir='ltr'><strong>et</strong></span> <span class='ocrx_word' id='word_1_213' title='bbox 1008 3193 1191 3254; x_wconf 85' lang='lat' dir='ltr'><strong>nostrorum</strong></span> 
     </span>
     <span class='ocr_line' id='line_1_28' title="bbox 76 3290 1191 3381; baseline 0.005 -27"><span class='ocrx_word' id='word_1_214' title='bbox 76 3290 262 3360; x_wconf 78' lang='lat' dir='ltr'><strong>decreumus</strong></span> <span class='ocrx_word' id='word_1_215' title='bbox 294 3293 540 3362; x_wconf 84' lang='lat' dir='ltr'><strong>sentencialiter</strong></span> <span class='ocrx_word' id='word_1_216' title='bbox 570 3294 656 3361; x_wconf 91' lang='lat' dir='ltr'><strong>dicto</strong></span> <span class='ocrx_word' id='word_1_217' title='bbox 688 3293 853 3381; x_wconf 84' lang='lat' dir='ltr'><strong>Episcopo</strong></span> <span class='ocrx_word' id='word_1_218' title='bbox 886 3302 918 3361; x_wconf 89' lang='lat' dir='ltr'><strong>et</strong></span> <span class='ocrx_word' id='word_1_219' title='bbox 941 3293 1095 3362; x_wconf 85' lang='lat' dir='ltr'><strong>iratribus</strong></span> <span class='ocrx_word' id='word_1_220' title='bbox 1114 3291 1191 3376; x_wconf 87' lang='lat' dir='ltr'><strong>suis,</strong></span> 
     </span>
     <span class='ocr_line' id='line_1_29' title="bbox 75 3392 1195 3487; baseline 0.004 -29"><span class='ocrx_word' id='word_1_221' title='bbox 75 3392 138 3481; x_wconf 86' lang='lat' dir='ltr'><strong>filijs</strong></span> <span class='ocrx_word' id='word_1_222' title='bbox 153 3398 219 3464; x_wconf 85' lang='lat' dir='ltr'><strong>Zah</strong></span> <span class='ocrx_word' id='word_1_223' title='bbox 237 3399 385 3487; x_wconf 82' lang='lat' dir='ltr'><strong>Comitis,</strong></span> <span class='ocrx_word' id='word_1_224' title='bbox 403 3401 463 3468; x_wconf 91' lang='lat' dir='ltr'><strong>sub</strong></span> <span class='ocrx_word' id='word_1_225' title='bbox 479 3399 602 3468; x_wconf 89' lang='lat' dir='ltr'><strong>eisdem</strong></span> <span class='ocrx_word' id='word_1_226' title='bbox 628 3403 809 3487; x_wconf 69' lang='lat' dir='ltr'><strong>metisque</strong></span> <span class='ocrx_word' id='word_1_227' title='bbox 826 3403 860 3466; x_wconf 95' lang='lat' dir='ltr'><strong>in</strong></span> <span class='ocrx_word' id='word_1_228' title='bbox 883 3400 1056 3486; x_wconf 84' lang='lat' dir='ltr'><strong>priuilegio</strong></span> <span class='ocrx_word' id='word_1_229' title='bbox 1086 3397 1195 3467; x_wconf 81' lang='lat' dir='ltr'><strong>kanis.</strong></span> 
     </span>
     <span class='ocr_line' id='line_1_30' title="bbox 75 3501 1196 3596; baseline 0.007 -29"><span class='ocrx_word' id='word_1_230' title='bbox 75 3501 137 3568; x_wconf 89' lang='lat' dir='ltr'><strong>simi</strong></span> <span class='ocrx_word' id='word_1_231' title='bbox 151 3505 252 3589; x_wconf 85' lang='lat' dir='ltr'><strong>patris</strong></span> <span class='ocrx_word' id='word_1_232' title='bbox 270 3507 374 3573; x_wconf 87' lang='lat' dir='ltr'><strong>nostri</strong></span> <span class='ocrx_word' id='word_1_233' title='bbox 390 3507 547 3576; x_wconf 86' lang='lat' dir='ltr'><strong>antedicti</strong></span> <span class='ocrx_word' id='word_1_234' title='bbox 563 3509 690 3594; x_wconf 90' lang='lat' dir='ltr'><strong>plenius</strong></span> <span class='ocrx_word' id='word_1_235' title='bbox 718 3507 938 3596; x_wconf 87' lang='lat' dir='ltr'><strong>continentur,</strong></span> <span class='ocrx_word' id='word_1_236' title='bbox 963 3505 1196 3590; x_wconf 85' lang='lat' dir='ltr'><strong>restituendas,</strong></span> 
     </span>
     <span class='ocr_line' id='line_1_31' title="bbox 71 3607 1195 3701; baseline 0.004 -28"><span class='ocrx_word' id='word_1_237' title='bbox 71 3607 243 3680; x_wconf 85' lang='lat' dir='ltr'><strong>reddendas</strong></span> <span class='ocrx_word' id='word_1_238' title='bbox 275 3633 317 3680; x_wconf 89' lang='lat' dir='ltr'><strong>ao</strong></span> <span class='ocrx_word' id='word_1_239' title='bbox 333 3613 525 3682; x_wconf 88' lang='lat' dir='ltr'><strong>statuendas</strong></span> <span class='ocrx_word' id='word_1_240' title='bbox 549 3612 622 3682; x_wconf 87' lang='lat' dir='ltr'><strong>siue</strong></span> <span class='ocrx_word' id='word_1_241' title='bbox 637 3613 821 3701; x_wconf 87' lang='lat' dir='ltr'><strong>statuenda,</strong></span> <span class='ocrx_word' id='word_1_242' title='bbox 839 3613 902 3681; x_wconf 89' lang='lat' dir='ltr'><strong>sibi</strong></span> <span class='ocrx_word' id='word_1_243' title='bbox 918 3612 1053 3699; x_wconf 86' lang='lat' dir='ltr'><strong>suisque</strong></span> <span class='ocrx_word' id='word_1_244' title='bbox 1068 3610 1195 3681; x_wconf 89' lang='lat' dir='ltr'><strong>heredi·</strong></span> 
     </span>
    </p>
   </div>
   <div class='ocr_carea' id='block_1_3' title="bbox 72 3715 1336 3808">
    <p class='ocr_par' dir='ltr' id='par_1_3' title="bbox 72 3715 1336 3808">
     <span class='ocr_line' id='line_1_32' title="bbox 72 3715 1336 3808; baseline 0.006 -26"><span class='ocrx_word' id='word_1_245' title='bbox 72 3715 357 3804; x_wconf 87' lang='lat' dir='ltr'><strong>busheredumque</strong></span> <span class='ocrx_word' id='word_1_246' title='bbox 372 3721 616 3790; x_wconf 88' lang='lat' dir='ltr'><strong>successoribus</strong></span> <span class='ocrx_word' id='word_1_247' title='bbox 632 3727 790 3808; x_wconf 89' lang='lat' dir='ltr'><strong>perpetuo</strong></span> <span class='ocrx_word' id='word_1_248' title='bbox 821 3719 1039 3807; x_wconf 86' lang='lat' dir='ltr'><strong>possidendas</strong></span> <span class='ocrx_word' id='word_1_249' title='bbox 1071 3719 1196 3804; x_wconf 79' lang='lat' dir='ltr'><strong>pariter</strong></span> <span class='ocrx_word' id='word_1_250' title='bbox 1327 3773 1336 3789; x_wconf 94' lang='lat'>.</span> 
     </span>
    </p>
   </div>
   <div class='ocr_carea' id='block_1_4' title="bbox 26 3825 1197 4758">
    <p class='ocr_par' dir='ltr' id='par_1_4' title="bbox 26 3825 1197 4758">
     <span class='ocr_line' id='line_1_33' title="bbox 70 3825 1195 3915; baseline 0.004 -27"><span class='ocrx_word' id='word_1_251' title='bbox 70 3829 97 3888; x_wconf 90' lang='lat' dir='ltr'><strong>et</strong></span> <span class='ocrx_word' id='word_1_252' title='bbox 109 3828 320 3912; x_wconf 87' lang='lat' dir='ltr'><strong>possidenda,</strong></span> <span class='ocrx_word' id='word_1_253' title='bbox 350 3828 523 3915; x_wconf 87' lang='lat' dir='ltr'><strong>ipsumque</strong></span> <span class='ocrx_word' id='word_1_254' title='bbox 540 3830 703 3895; x_wconf 88' lang='lat' dir='ltr'><strong>dominum</strong></span> <span class='ocrx_word' id='word_1_255' title='bbox 730 3829 928 3915; x_wconf 91' lang='lat' dir='ltr'><strong>Episcopum</strong></span> <span class='ocrx_word' id='word_1_256' title='bbox 944 3825 1195 3914; x_wconf 87' lang='lat' dir='ltr'><strong>incorporalem</strong></span> 
     </span>
     <span class='ocr_line' id='line_1_34' title="bbox 73 3935 1195 4022; baseline 0 -21"><span class='ocrx_word' id='word_1_257' title='bbox 73 3935 307 4017; x_wconf 63' lang='lat' dir='ltr'><strong>occassionem</strong></span> <span class='ocrx_word' id='word_1_258' title='bbox 334 3936 510 4005; x_wconf 87' lang='lat' dir='ltr'><strong>earundem</strong></span> <span class='ocrx_word' id='word_1_259' title='bbox 527 3955 586 4022; x_wconf 91' lang='lat' dir='ltr'><strong>per</strong></span> <span class='ocrx_word' id='word_1_260' title='bbox 605 3937 760 4004; x_wconf 88' lang='lat' dir='ltr'><strong>dilectum</strong></span> <span class='ocrx_word' id='word_1_261' title='bbox 776 3943 810 4004; x_wconf 90' lang='lat' dir='ltr'><strong>et</strong></span> <span class='ocrx_word' id='word_1_262' title='bbox 824 3937 955 4004; x_wconf 89' lang='lat' dir='ltr'><strong>fidelem</strong></span> <span class='ocrx_word' id='word_1_263' title='bbox 980 3935 1195 4021; x_wconf 76' lang='lat' dir='ltr'><strong>Capelianum</strong></span> 
     </span>
     <span class='ocr_line' id='line_1_35' title="bbox 68 4040 1195 4129; baseline 0.004 -24"><span class='ocrx_word' id='word_1_264' title='bbox 68 4047 198 4110; x_wconf 74' lang='lat' dir='ltr'><strong>noenum</strong></span> <span class='ocrx_word' id='word_1_265' title='bbox 230 4043 426 4129; x_wconf 82' lang='lat' dir='ltr'><strong>Chepanum</strong></span> <span class='ocrx_word' id='word_1_266' title='bbox 456 4043 668 4112; x_wconf 88' lang='lat' dir='ltr'><strong>Sacerdotem</strong></span> <span class='ocrx_word' id='word_1_267' title='bbox 701 4043 900 4112; x_wconf 71' lang='lat' dir='ltr'><strong>canonicum</strong></span> <span class='ocrx_word' id='word_1_268' title='bbox 932 4040 1195 4125; x_wconf 83' lang='lat' dir='ltr'><strong>Zagrahyensem</strong></span> 
     </span>
     <span class='ocr_line' id='line_1_36' title="bbox 69 4145 1195 4239; baseline 0.004 -27"><span class='ocrx_word' id='word_1_269' title='bbox 69 4145 121 4214; x_wconf 87' lang='lat' dir='ltr'><strong>sub</strong></span> <span class='ocrx_word' id='word_1_270' title='bbox 149 4150 343 4220; x_wconf 90' lang='lat' dir='ltr'><strong>testimonio</strong></span> <span class='ocrx_word' id='word_1_271' title='bbox 376 4149 544 4236; x_wconf 80' lang='lat' dir='ltr'><strong>Agriensis</strong></span> <span class='ocrx_word' id='word_1_272' title='bbox 575 4158 609 4220; x_wconf 90' lang='lat' dir='ltr'><strong>et</strong></span> <span class='ocrx_word' id='word_1_273' title='bbox 646 4151 850 4239; x_wconf 84' lang='lat' dir='ltr'><strong>Bachyensis</strong></span> <span class='ocrx_word' id='word_1_274' title='bbox 882 4149 1028 4236; x_wconf 77' lang='lat' dir='ltr'><strong>Capituli</strong></span> <span class='ocrx_word' id='word_1_275' title='bbox 1057 4146 1195 4217; x_wconf 82' lang='lat' dir='ltr'><strong>lecimus</strong></span> 
     </span>
     <span class='ocr_line' id='line_1_37' title="bbox 26 4251 1192 4344; baseline 0.003 -23"><span class='ocrx_word' id='word_1_276' title='bbox 26 4312 30 4321; x_wconf 89' lang='lat'>.</span> <span class='ocrx_word' id='word_1_277' title='bbox 69 4251 228 4344; x_wconf 84' lang='lat' dir='ltr'><strong>introduci,</strong></span> <span class='ocrx_word' id='word_1_278' title='bbox 268 4257 406 4343; x_wconf 81' lang='lat' dir='ltr'><strong>pretatis</strong></span> <span class='ocrx_word' id='word_1_279' title='bbox 437 4257 572 4326; x_wconf 88' lang='lat' dir='ltr'><strong>Detrioo</strong></span> <span class='ocrx_word' id='word_1_280' title='bbox 588 4265 622 4326; x_wconf 93' lang='lat' dir='ltr'><strong>et</strong></span> <span class='ocrx_word' id='word_1_281' title='bbox 651 4258 789 4325; x_wconf 87' lang='lat' dir='ltr'><strong>Lukach</strong></span> <span class='ocrx_word' id='word_1_282' title='bbox 814 4264 847 4325; x_wconf 91' lang='lat' dir='ltr'><strong>et</strong></span> <span class='ocrx_word' id='word_1_283' title='bbox 878 4276 989 4326; x_wconf 89' lang='lat' dir='ltr'><strong>eorum</strong></span> <span class='ocrx_word' id='word_1_284' title='bbox 1019 4253 1192 4324; x_wconf 89' lang='lat' dir='ltr'><strong>heredibus</strong></span> 
     </span>
     <span class='ocr_line' id='line_1_38' title="bbox 70 4357 1196 4453; baseline 0.002 -27"><span class='ocrx_word' id='word_1_285' title='bbox 70 4357 287 4449; x_wconf 86' lang='lat' dir='ltr'><strong>heredumque</strong></span> <span class='ocrx_word' id='word_1_286' title='bbox 317 4367 557 4434; x_wconf 88' lang='lat' dir='ltr'><strong>successoribus</strong></span> <span class='ocrx_word' id='word_1_287' title='bbox 582 4385 679 4453; x_wconf 90' lang='lat' dir='ltr'><strong>super</strong></span> <span class='ocrx_word' id='word_1_288' title='bbox 694 4364 862 4453; x_wconf 90' lang='lat' dir='ltr'><strong>premissis</strong></span> <span class='ocrx_word' id='word_1_289' title='bbox 879 4362 1030 4432; x_wconf 91' lang='lat' dir='ltr'><strong>omnibus</strong></span> <span class='ocrx_word' id='word_1_290' title='bbox 1044 4366 1196 4448; x_wconf 86' lang='lat' dir='ltr'><strong>perpetu·</strong></span> 
     </span>
     <span class='ocr_line' id='line_1_39' title="bbox 71 4469 1197 4560; baseline 0.004 -28"><span class='ocrx_word' id='word_1_291' title='bbox 71 4487 114 4534; x_wconf 89' lang='lat' dir='ltr'><strong>om</strong></span> <span class='ocrx_word' id='word_1_292' title='bbox 152 4471 334 4540; x_wconf 88' lang='lat' dir='ltr'><strong>silencium</strong></span> <span class='ocrx_word' id='word_1_293' title='bbox 374 4472 585 4560; x_wconf 82' lang='lat' dir='ltr'><strong>inponentes3</strong></span> <span class='ocrx_word' id='word_1_294' title='bbox 620 4474 830 4542; x_wconf 88' lang='lat' dir='ltr'><strong>decernentes</strong></span> <span class='ocrx_word' id='word_1_295' title='bbox 871 4478 904 4539; x_wconf 91' lang='lat' dir='ltr'><strong>et</strong></span> <span class='ocrx_word' id='word_1_296' title='bbox 943 4469 1197 4558; x_wconf 86' lang='lat' dir='ltr'><strong>pronunciantes</strong></span> 
     </span>
     <span class='ocr_line' id='line_1_40' title="bbox 69 4577 1196 4667; baseline 0.003 -26"><span class='ocrx_word' id='word_1_297' title='bbox 69 4579 309 4648; x_wconf 84' lang='lat' dir='ltr'><strong>sentencialiter</strong></span> <span class='ocrx_word' id='word_1_298' title='bbox 339 4579 374 4647; x_wconf 91' lang='lat' dir='ltr'><strong>in</strong></span> <span class='ocrx_word' id='word_1_299' title='bbox 389 4579 552 4649; x_wconf 88' lang='lat' dir='ltr'><strong>Baronum</strong></span> <span class='ocrx_word' id='word_1_300' title='bbox 579 4588 761 4650; x_wconf 89' lang='lat' dir='ltr'><strong>nostrorum</strong></span> <span class='ocrx_word' id='word_1_301' title='bbox 792 4577 964 4667; x_wconf 86' lang='lat' dir='ltr'><strong>presencia</strong></span> <span class='ocrx_word' id='word_1_302' title='bbox 990 4583 1023 4646; x_wconf 90' lang='lat' dir='ltr'><strong>et</strong></span> <span class='ocrx_word' id='word_1_303' title='bbox 1038 4596 1196 4647; x_wconf 86' lang='lat' dir='ltr'><strong>consensu</strong></span> 
     </span>
     <span class='ocr_line' id='line_1_41' title="bbox 164 4689 1091 4758; baseline 0.003 -7"><span class='ocrx_word' id='word_1_304' title='bbox 164 4715 276 4752; x_wconf 83' lang='grc' dir='ltr'>ιιοιιιιι.</span> <span class='ocrx_word' id='word_1_305' title='bbox 293 4713 375 4752; x_wconf 76' lang='lat' dir='ltr'><strong>snae.</strong></span> <span class='ocrx_word' id='word_1_306' title='bbox 392 4716 463 4757; x_wconf 81' lang='lat' dir='ltr'><strong>mar.</strong></span> <span class='ocrx_word' id='word_1_307' title='bbox 480 4729 521 4746; x_wconf 88' lang='lat'>-</span> <span class='ocrx_word' id='word_1_308' title='bbox 539 4717 612 4758; x_wconf 77' lang='lat' dir='ltr'><strong>nuru.</strong></span> <span class='ocrx_word' id='word_1_309' title='bbox 627 4716 695 4756; x_wconf 80' lang='lat' dir='ltr'><strong>ms.</strong></span> <span class='ocrx_word' id='word_1_310' title='bbox 1069 4689 1091 4754; x_wconf 82' lang='grc'><strong>4</strong></span> 
     </span>
    </p>
   </div>
   <div class='ocr_carea' id='block_1_5' title="bbox 0 0 1600 5190">
    <p class='ocr_par' dir='ltr' id='par_1_5' title="bbox 0 0 1600 5190">
     <span class='ocr_line' id='line_1_42' title="bbox 0 0 1600 5190; baseline 0 8"><span class='ocrx_word' id='word_1_311' title='bbox 0 0 1600 5190; x_wconf 95' lang='lat' dir='ltr'><strong> </strong></span> 
     </span>
    </p>
   </div>
  </div>
 </body>
</html>
