3194 5196
793 314 953 412 Q

293 505 437 579 'landem
453 513 485 578 et
502 507 640 594 gloriam
655 513 801 576 cosham
816 507 970 590 ettocius
985 506 1141 578 Nccionis
1157 507 1325 594 Hungsrie
1349 529 1444 577 eom·

307 616 475 704 prehensis
492 615 654 686 strennuis
670 615 850 703 mulitibns,
865 614 1002 683 adduxit
1016 615 1060 682 ad
1076 617 1253 684 exercitum
1263 622 1441 703 etpresen·

294 723 392 792 -ciam
408 723 525 812 prelati
541 723 663 794 domini
679 723 730 792 Al.
747 723 845 810 Regis
869 725 1090 794 Romanorum
1119 722 1262 810 captiuis
1290 722 1438 792 uinculis

306 832 509 920 mancipatos
525 831 568 898 ad
585 829 813 900 exilarandum
828 837 861 900 et
877 829 1097 898 letificandnm
1113 830 1278 898 domiuum
1309 829 1361 897 nt.
1377 831 1443 897 Re-

308 958 383 1025 gem
398 947 431 1007 ct
446 936 550 1024 ipsios
564 937 744 1008 exercitum
759 957 801 1006 cx
815 936 956 1006 diuersis
971 935 1082 1006 mnndi
1100 937 1248 1024 partibus
1258 956 1442 1022 congrega-

307 1052 386 1115 tum.
409 1047 450 1114 Et
465 1045 542 1114 licet
557 1047 599 1114 oh
615 1045 810 1134 huiusmodi,
836 1045 923 1114 sicut
938 1047 1098 1132 prefatum
1114 1053 1173 1131 eat,
1198 1045 1339 1113 seruicia
1355 1048 1439 1112 mul-

308 1153 473 1240 tiplicibus
488 1153 625 1222 landum
639 1152 803 1239 preconijs
819 1152 952 1222 deberet
966 1159 1033 1220 tam
1049 1153 1318 1239 ipseltadizlaus,
1335 1173 1439 1236 qnam
1581 1149 1582 1152 ’

295 1259 350 1329 -oh
366 1259 471 1348 ipsum
488 1261 593 1328 tocius
609 1261 834 1344 generacionis
849 1279 906 1328 sue
922 1261 1116 1348 genealogia
1131 1261 1278 1330 decorari
1294 1289 1302 1328 :
1328 1269 1441 1330 tamen

309 1369 349 1434 de
366 1367 509 1436 Consilio
534 1367 708 1452 Beronum,
740 1366 1016 1454 consiliariorum,
1049 1369 1221 1435 Procerum
1252 1377 1439 1436 nostrornm

308 1481 420 1542 nostro
435 1475 533 1542 lateri
549 1474 790 1562 adherencium,
807 1475 851 1541 ud
866 1475 1042 1544 instantem
1057 1475 1287 1544 nichilominus
1303 1475 1441 1563 peticio-

308 1601 382 1648 nem
400 1595 434 1651 et
450 1583 585 1667 petitum
602 1583 796 1650 instanciam
812 1581 962 1666 Magistri
988 1581 1142 1665 Demetrii
1176 1583 1312 1650 Comitis
1342 1586 1442 1651 Poso-

307 1688 433 1758 r-icnsis
449 1689 536 1757 etde
553 1688 666 1758 Zolum
682 1689 746 1757 iam
763 1689 893 1774 prelati,
924 1689 1046 1757 eisdem
1065 1689 1228 1774 Radizlao,
1256 1690 1381 1760 Iuabur
1405 1700 1441 1760 et

308 1798 421 1884 Boyob
436 1795 513 1880 filijs
529 1796 685 1883 Radizlai,
712 1795 828 1864 (losum
843 1797 909 1863 filio
926 1797 1076 1882 Nycolai,
1106 1799 1202 1865 Petro
1218 1796 1283 1865 lilio
1300 1798 1442 1882 Vochlo,

309 1905 444 1978 Nicoluc
469 1903 537 1972 tilio
561 1905 684 1989 Foneh,
715 1905 897 1974 Laurencio
928 1906 995 1973 lilio
1026 1906 1195 1992 Stephani,
1226 1907 1339 1974 Ghobo
1369 1907 1441 1972 lilio

310 2011 469 2099 Radinlai,
502 2014 633 2080 Paznan
651 2011 717 2079 filio
733 2013 840 2099 Vyda,
871 2015 1009 2081 Iwanlta
1033 2014 1099 2082 filio
1121 2015 1265 2098 Mentha,
1296 2014 1442 2082 Martino

307 2121 377 2187 filio
393 2119 526 2206 hlyleth,
551 2119 711 2188 nobilibus
727 2119 954 2205 iohagiouibns
969 2122 1076 2188 (lustri
1092 2122 1133 2189 de
1149 2123 1241 2188 Bana
1256 2142 1358 2208 prope
1383 2123 1442 2188 llu-

309 2229 399 2295 uinm
414 2227 500 2312 an
525 2227 749 2310 existentibus,
774 2226 858 2293 hano
889 2229 1033 2312 graciam
1064 2227 1214 2296 dommus
1243 2228 1440 2312 laciendum,

303 2335 399 2420 quod
415 2335 457 2402 de
472 2341 579 2403 cetero
595 2336 738 2421 exempti
753 2354 775 2400 a
789 2336 1002 2420 iohagiouutn
1018 2336 1123 2404 (lustri
1139 2335 1265 2421 prelati,
1282 2357 1354 2404 cnm
1372 2339 1441 2404 vni-

187 2435 194 2444 ’
309 2443 415 2512 uersis
430 2442 703 2526 possessionibus,
728 2442 822 2508 terris
839 2449 870 2508 et
886 2441 975 2509 uillis
1006 2441 1075 2510 suis
1103 2444 1317 2528 prerogatiua
1348 2445 1442 2512 uobi-

310 2551 390 2616 lium
406 2553 439 2614 ct
455 2546 633 2617 nobilitatis
650 2548 746 2616 titulo
762 2551 805 2615 ah
822 2551 958 2632 antiqno
977 2549 1201 2618 decoratorum
1218 2551 1383 2633 gaudeant
1409 2561 1442 2618 et

311 2660 462 2736 letentur,
494 2661 527 2722 et
541 2656 575 2722 in
592 2662 664 2722 cetu
679 2657 840 2727 nobilium
855 2658 959 2740 Regni
976 2659 1076 2725 nostri
1093 2679 1165 2725 cum
1190 2658 1339 2726 omnibus
1365 2680 1442 2744 pos-

310 2763 517 2836 sessionibus
531 2764 600 2833 suis
616 2767 753 2833 seruatis
769 2765 804 2830 in
820 2768 969 2834 omnihus
984 2766 1228 2836 condicionibus
1245 2775 1442 2853 etpreroga-

312 2872 391 2941 tluis
407 2871 563 2940 nobilium
580 2871 761 2939 habeantur
777 2874 840 2956 ipsi
857 2881 889 2940 et
904 2873 1044 2958 ipsumam
1061 2871 1195 2940 heredes
1221 2874 1442 2959 heredumque
1577 2885 1582 2892 '

309 2987 444 3049 suctum
460 2997 663 3048 successores
679 2979 814 3064 pacifice
830 2987 863 3047 et
880 2980 1000 3066 pariter
1032 2982 1230 3048 inconcusse.
1267 2983 1311 3048 Vt
1343 2983 1442 3066 igitur

311 3090 407 3158 huius
421 3087 641 3172 exempcionls
656 3094 767 3156 nostre
782 3089 883 3156 series
899 3088 995 3155 rcbm
1010 3087 1154 3154 obtineat
1169 3095 1328 3172 perpetue
1343 3090 1440 3157 firmi-

310 3196 399 3282 tatis,
415 3201 582 3282 presentes
597 3195 815 3262 concessimus
828 3195 991 3282 dupplicis
1008 3195 1110 3280 sigilli
1126 3197 1229 3263 nostri
1255 3198 1437 3264 munimine

307 3305 491 3372 roboratas.
508 3303 627 3368 Datum
644 3321 702 3386 per
718 3323 833 3372 manus
849 3305 1045 3372 venerabilis
1060 3305 1163 3391 patris
1174 3304 1284 3371 fratris
1293 3302 1439 3371 Anthoni

312 3413 372 3477 Dei
391 3410 504 3494 gracia
519 3408 670 3494 Episcopi
687 3407 926 3478 Chanadiensis
943 3411 985 3478 de
1001 3411 1124 3481 Ordine
1156 3412 1306 3480 Fratrum
1338 3414 1437 3480 hliun-

309 3537 392 3606 rum,
409 3516 495 3585 Aule
509 3524 618 3584 nostre
634 3518 906 3603 vicecancellarii
925 3520 1033 3588 dilecti
1050 3527 1082 3586 et
1097 3520 1203 3587 fidelis
1220 3521 1324 3588 nostri
1351 3541 1437 3588 anno

310 3625 442 3693 Domini
457 3621 579 3691 Μθῡῦο
594 3625 806 3710 nonagesimo
821 3634 946 3709 octauo,
978 3627 1083 3710 Regni
1099 3634 1206 3695 autem
1224 3629 1327 3695 nostri
1345 3648 1434 3694 anno

310 3753 405 3800 nono.

308 3931 454 3994 (Eredetie
473 3927 656 3997 bdrhdrtydn,
674 3947 691 3984 a
710 3935 797 4000 fdggd
818 3933 910 3998 pecstt
929 3936 1083 3998 elvestat,
1103 3949 1120 3985 a
1137 3934 1222 3985 budsi
1242 3935 1295 3986 kir.
1315 3933 1444 3986 samsai

777 4023 973 4086 leveltdrban.)

741 4307 1011 4322 w
