3142 5198
870 422 1030 521 jua—

392 612 648 702 Arobidiaconis,
680 621 713 682 et
743 616 816 702 aliis
831 617 958 703 moitis;
981 638 1067 687 anne
1081 618 1212 688 Domini
1229 621 1348 688 Μθίὲὒ0
1365 625 1497 704 octuage-

387 723 469 790 simo
500 725 615 790 octauo
635 745 643 808 ς
666 725 836 808 Regnante
866 725 1022 794 Ladialac
1054 727 1172 795 illustri
1201 729 1293 812 Rege
1327 728 1496 814 Hungmie;

390 827 581 899 Lodemerio
597 829 822 918 Strigoniensi,
838 831 989 902 Jobanne
1005 831 1175 902 Golocensi
1191 834 1451 923 Arcbiepisccpi3
1474 827 1498 900 et

386 935 517 1005 domino
532 943 640 1006 nostro
655 939 835 1008 venerabili
850 948 944 1026 patre
959 941 1090 1010 Audraa
1117 941 1179 1010 Dei
1208 944 1321 1028 gracia
1351 943 1494 1029 Episcopo

389 1045 540 1129 Agriensi
559 1045 785 1114 existentibus.

388 1243 536 1302 (Eredetie
555 1243 739 1308 bdrbrtrtytn,
762 1245 881 1308 melyrdl
912 1261 928 1296 a
959 1243 1055 1310 pecsdt
1084 1245 1245 1296 adid-vdrbs
1276 1246 1501 1311 selyemaeintron

600 1334 689 1404 saiw
708 1349 726 1386 a
748 1335 833 1387 budsi
850 1335 905 1386 kir.
931 1334 1060 1388 kamarai
1085 1335 1284 1400 laveltarban.)

934 2046 1010 2114 394.

389 2243 534 2331 Aqydri
561 2245 785 2332 kdpteloaoalr
816 2245 1093 2333 biaouysdpleoels‚
1125 2251 1209 2333 boqy
1245 2223 1352 2313 (iveri
1385 2245 1506 2314 Kourdd

388 2374 485 2416 comes
502 2355 619 2418 Nostra
629 2355 660 2418 ds
670 2353 885 2418 Potbacdadro
896 2355 1097 2438 helyse'peleet,
1109 2354 1229 2437 melyek
1241 2353 1335 2418 Pe'tes·
1345 2355 1507 2439 vessprdma'

450 2461 631 2544 piispdkuel
648 2459 910 2546 elzezoposuvctb,
925 2459 1027 2525 vissae
1044 2460 1169 2524 oborta
1183 2459 1323 2526 vdltani.
1350 2462 1448 2525 1288.

494 2653 563 2722 Nos
593 2653 753 2743 Magister
784 2651 818 2719 G.
849 2653 1037 2738 Propositus
1068 2660 1100 2720 et
1131 2653 1320 2740 Capitulum
1338 2654 1506 2722 Jaurieusis

366 2760 530 2830 ‘Ecclesie
555 2759 669 2830 damus
699 2783 758 2847 pro
789 2763 955 2844 memoria,
987 2761 1076 2845 quod
1107 2762 1292 2848 Stephanus
1324 2771 1359 2829 et
1389 2761 1504 2829 Biasius

387 2870 564 2937 seruientes
597 2869 715 2936 nobilis
745 2869 804 2936 viri
831 2867 983 2935 Corrardi
1000 2867 1040 2933 de
1063 2865 1161 2935 Owar
1177 2890 1236 2954 pro
1254 2869 1369 2936 eodem
1385 2869 1502 2937 dominu

390 2997 484 3044 auca
510 2978 591 3043 festo
624 2977 716 3044 Beati
747 2975 873 3043 Nicolai
905 2976 1099 3043 contessoris
1132 2981 1382 3062 comparuerunt
1412 2994 1504 3040 coram

386 3084 480 3152 nobis
505 3105 563 3151 ser
577 3084 703 3163 diebus,
719 3083 773 3167 qui
790 3081 953 3166 dicebant,
973 3084 1059 3167 quod
1076 3083 1160 3151 idem
1176 3083 1336 3167 Magister
1352 3082 1501 3152 Corradus

387 3191 605 3276 possessiones
619 3208 695 3256 suas
719 3189 839 3257 Nostra
870 3194 902 3255 et
932 3189 1149 3260 Pctbwasara
1178 3197 1315 3257 uocatas
1337 3187 1502 3258 venerabili
1542 3269 1543 3274 ἵ

388 3298 470 3384 patri
482 3297 612 3366 domino
622 3299 719 3364 Petro
730 3297 893 3384 Episcopo
906 3296 1152 3384 Wesprimiensi
1163 3297 1382 3367 mediantibus
1398 3297 1504 3365 nostris

390 3405 553 3493 prioribus
567 3404 702 3472 litterris
718 3409 922 3490 prouentum
940 3404 1060 3472 marcis
1075 3405 1204 3491 pignori
1231 3404 1402 3490 obligatas,
1432 3405 1505 3471 sicut

385 3513 581 3600 referebant,
597 3521 706 3580 essent
721 3513 757 3580 in
772 3511 859 3580 dicto
876 3513 958 3581 sesto
975 3513 1068 3580 Beati
1085 3511 1214 3580 Nicolai
1232 3511 1277 3579 ad
1292 3513 1504 3581 redimendum

386 3626 529 3705 promtus
544 3628 577 3689 et
592 3625 725 3706 paratus
742 3619 902 3688 adumino
919 3621 1081 3706 Episcopo
1099 3627 1286 3688 memorato.
1303 3621 1367 3699 Qui
1382 3619 1502 3703 quidem

386 3726 583 3797 venerabilis
622 3735 715 3815 pater
745 3749 806 3813 per
845 3733 1072 3815 procuratores
1113 3729 1299 3796 huiusmodi
1331 3729 1425 3796 dictis
1455 3747 1507 3793 ses

385 3835 547 3904 continuis
562 3837 676 3904 diebus
695 3843 885 3920 expectatus
911 3856 972 3901 non
1005 3835 1092 3904 misit
1118 3857 1193 3904 sues
1210 3843 1432 3922 procuratores
1464 3833 1501 3900 ad
1542 3885 1543 3888 ,

385 3942 560 4010 uidendam
590 3942 854 4027 promtitudinem
886 3943 1060 4010 solucicuis
1085 3950 1266 4029 prenotate.
1282 3943 1400 4010 Datum
1416 3949 1502 4009 sexto

386 4051 439 4117 die
454 4059 526 4136 post
541 4050 657 4120 festum
673 4051 765 4118 Beati
781 4049 912 4117 Nicolai
932 4049 1129 4119 confessoris
1146 4071 1234 4119 annu
1250 4052 1381 4119 Domini
1396 4049 1505 4116 MEO·

383 4160 583 4242 octagesimo
611 4166 743 4225 octauo.

492 4266 626 4334 Kirtil
644 4293 651 4334 :
668 4265 731 4335 Pro
746 4267 907 4354 Magistro
933 4268 1078 4336 Gerardo
1110 4275 1225 4336 contra
1256 4267 1291 4336 P.
1322 4267 1505 4353 Episcopum

386 4375 689 4462 Wesprimiensem.

388 4521 527 4582 (Ercdetie
546 4521 729 4586 bdrhartydn,
749 4538 765 4572 a
783 4522 927 4586 zdrpecsdt
945 4523 1099 4588 eiveszett;
1121 4539 1138 4575 a
1157 4523 1236 4575 mdlt.
1256 4523 1326 4574 bare
1347 4521 1439 4585 Revsy
1452 4530 1503 4568 esa·

811 4611 859 4662 lad
872 4611 1087 4675 leveltardban.)
