3096 5202
910 984 986 1054 240.

377 1185 400 1249 Ι
405 1183 441 1249 V.
457 1185 575 1252 Ldseld
589 1183 766 1270 strotyoat
785 1181 903 1272 Telalsy
921 1183 1182 1273 Somoyymsqysi
1208 1188 1366 1274 helyseum
1392 1195 1479 1252 munl-

378 1295 459 1360 Ιεοιό
484 1291 671 1377 adomcinyu
696 1315 719 1358 α
743 1291 936 1378 nysaeque·
966 1295 1192 1380 φάωαιάνᾶα
1218 1299 1377 1360 saumuro.
1399 1293 1480 1358 1280.

486 1485 661 1557 Lsdinlaus
676 1486 738 1555 Dei
754 1487 867 1572 graula
882 1487 1058 1576 Hungarln,
1079 1488 1261 1578 Dslmaoie,
1283 1488 1418 1575 Groneia,
1432 1489 1480 1554 Bs-

378 1617 439 1682 me,
454 1595 580 1682 Seruio,
600 1592 750 1679 Gallioie,
777 1593 978 1682 solomone,
1011 1594 1167 1662 Onmanie
1200 1595 1479 1683 Bulgsriequsliex

380 1701 530 1770 omnibus
547 1699 664 1768 Christi
690 1699 842 1768 fidelibus
869 1703 1071 1788 presentibus
1088 1706 1210 1788 pariter
1234 1709 1268 1770 et
1294 1704 1403 1771 futuris
1427 1721 1479 1788 pre·

378 1816 487 1878 senta
502 1808 628 1876 litteras
644 1806 838 1893 inspeotnris
852 1809 992 1877 salntem
1013 1812 1047 1877 in
1075 1811 1216 1878 omnium
1250 1811 1420 1878 salomone.
1449 1805 1480 1872 u

378 1915 575 1984 collationes
592 1911 776 1997 Prinoipum
793 1915 946 1982 firmitate
971 1925 1130 2002 perpetua
1160 1917 1353 2004 solidentur,
1383 1917 1472 1982 litters

379 2041 448 2090 rum
465 2022 573 2089 solent
588 2020 764 2088 munimine
779 2021 935 2092 roborari.
951 2024 1182 2092 lnoouonssnm
1198 2024 1320 2111 quippe
1329 2029 1481 2111 permanet·

378 2129 463 2212 qnod
480 2128 583 2215 Regio
598 2127 698 2196 fuerit
714 2129 898 2212 patrouinio
914 2132 1153 2199 eommunitum.
1186 2131 1330 2198 Proinde
1361 2131 1401 2198 ud
1427 2129 1479 2194 uui·

380 2255 547 2303 uersurum
572 2235 725 2304 notioiam
756 2235 871 2304 harum
902 2237 988 2305 serie
1018 2239 1167 2307 uolumus
1198 2241 1391 2326 peruenire;
1414 2231 1482 2320 quod
1517 2226 1523 2238 '

379 2342 510 2409 domina
525 2341 705 2428 Elysabeth
721 2362 812 2412 soror
827 2351 940 2413 nostra
954 2344 1131 2414 karissima
1146 2346 1180 2412 in
1196 2345 1389 2414 llonasterio
1416 2343 1480 2410 Bes-

378 2450 503 2519 tissimo
526 2448 670 2536 Virginis
698 2447 846 2520 Glorioso
875 2451 917 2519 ds
948 2453 1060 2521 insula
1087 2451 1157 2521 Deo
1188 2453 1311 2539 iugiter
1344 2453 1482 2520 famulans

245 2555 246 2558 ’
378 2555 535 2642 quosdam
551 2557 747 2625 vduornioos
762 2563 901 2642 nostros,
917 2555 1128 2626 Ohomotenm
1144 2558 1299 2627 videlieet
1314 2579 1384 2628 oum
1399 2556 1482 2624 tribus

379 2666 455 2751 tilijs
471 2666 549 2751 suis,
566 2667 697 2734 Petrum
714 2687 786 2736 oum
802 2669 927 2737 duobus
942 2666 1100 2736 fratribus
1116 2668 1196 2754 suis,
1228 2675 1260 2736 et
1278 2669 1401 2738 Buhtus
1424 2684 1481 2732 suu

378 2774 532 2842 iratribus
547 2774 614 2842 suis
628 2773 671 2842 de
684 2773 768 2844 villa
781 2774 913 2863 'lelnky
930 2778 964 2843 in
981 2776 1145 2844 comitatu
1155 2773 1482 2862 symigiensiexisteu·

381 2889 442 2966 tes,
456 2879 555 2950 simul
571 2899 644 2948 oum
661 2881 758 2949 terris
774 2902 884 2950 eorum
900 2882 1021 2969 petiuit
1035 2903 1058 2949 a
1072 2883 1166 2950 nobis
1181 2882 1242 2949 sibi
1266 2880 1351 2950 dari.
1387 2881 1483 2946 Veron

378 2988 458 3072 qnia
472 2987 515 3054 de
529 2986 610 3072 ipsis
626 2987 815 3058 vduorninis
831 2989 951 3058 nostris
967 2997 999 3058 et
1015 2989 1111 3057 terris
1127 2988 1305 3057 eorundem
1321 2981 1483 3056 nobisnori-

377 3103 430 3162 tas
444 3093 488 3162 ad
504 3093 636 3180 plenum
653 3115 717 3164 non
734 3098 915 3184 oouslabat,
934 3096 1085 3166 fidelibus
1101 3096 1221 3165 nostris
1236 3096 1358 3164 Abbati
1375 3102 1405 3161 st
1418 3091 1482 3159 Con·

379 3203 491 3270 uenlni
508 3201 706 3288 Symigionsi
721 3202 870 3272 dedimus
887 3205 921 3272 iu
937 3204 1113 3293 mandatis,
1126 3211 1162 3272 ut
1176 3203 1343 3272 homiuem
1362 3204 1483 3288 ipsorum

377 3309 538 3396 ydoneum
557 3311 722 3378 mitterent
736 3331 794 3398 pro
812 3313 1007 3400 testimonio,
1040 3333 1151 3382 eoram
1167 3331 1231 3398 quo
1247 3312 1401 3382 Nicotaus
1416 3308 1484 3376 lilius

379 3417 463 3484 Vros
480 3417 574 3484 homo
589 3425 700 3486 noster
714 3417 804 3505 ipsos
836 3419 1045 3489 Ohomotoum
1078 3441 1152 3488 num
1183 3419 1287 3486 tribus
1319 3418 1395 3502 filijs
1423 3415 1485 3498 suis,

377 3523 509 3592 Petrum
526 3542 597 3590 num
615 3524 740 3593 duobus
755 3526 912 3595 iratribus
927 3529 1005 3612 suis,
1037 3535 1070 3596 et
1095 3528 1219 3595 Buhtns
1251 3545 1326 3592 oum
1352 3522 1487 3591 fratribus
1528 3469 1532 3626 ff

377 3630 458 3720 suis,
475 3628 669 3700 uduornioos
684 3641 814 3701 nostros
829 3633 1001 3720 predictos,
1019 3633 1114 3702 simul
1130 3655 1201 3702 oum
1219 3633 1316 3700 terris
1334 3633 1411 3714 suis,
1435 3635 1487 3696 sla·
1530 3645 1532 3730 4

377 3745 483 3807 tuerer
499 3737 583 3805 dicte
601 3738 731 3807 domine
747 3741 927 3828 Elysabeth
945 3743 1046 3811 sorori
1063 3749 1173 3809 nostro
1188 3739 1365 3808 karissime
1380 3735 1420 3805 nd
1433 3754 1487 3804 sor·
1529 3747 1532 3852 ἱ

378 3848 466 3916 ninia
482 3867 591 3916 sorum
609 3856 773 3936 consueta,
804 3870 866 3934 que
881 3851 976 3918 nobis
993 3850 1172 3937 inpendere
1195 3853 1430 3919 oonsnensrnut
1452 3841 1485 3907 ub
1530 3857 1532 3948 j

376 3956 520 4041 antiqno,
537 3953 566 4021 si
581 3974 646 4022 non
661 3953 751 4024 lieret
766 3957 1022 4040 contradictum
1045 3957 1301 4026 oontradiotores
1334 3963 1437 4023 antem
1463 3947 1486 4015 si
1530 3955 1532 4048 l

376 4062 432 4147 qui
448 4063 572 4149 florent,
587 4061 632 4128 ad
647 4069 788 4131 nostram
804 4065 944 4134 durent
958 4066 1161 4151 presenciam
1176 4064 1219 4132 ad
1235 4064 1404 4132 terminum
1414 4077 1483 4126 oon·
1530 4083 1532 4138 ι

377 4176 549 4255 petentem.
573 4170 634 4248 Qui
651 4171 781 4255 quidem
797 4174 985 4241 (lonuentus
1000 4173 1093 4241 nobis
1110 4173 1314 4260 postmodum
1333 4169 1485 4251 rssoripet·
1530 4193 1532 4232 1

376 4282 450 4344 runt
466 4275 501 4343 in
514 4275 577 4343 heo
593 4275 712 4346 uerba:
1530 4299 1531 4302 ¹

481 4383 767 4454 sxoeliontissimo
782 4387 817 4454 in
833 4387 961 4457 nomino
977 4409 1037 4459 suo
1055 4375 1484 4470 Ladizlmneigrooiassegi
1530 4343 1532 4402 ²

374 4493 543 4577 Hungnrie
559 4492 621 4560 sib.
640 4491 890 4579 (kdvutlsuzika
919 4496 1128 4586 somogyviri
1159 4493 1370 4564 konventnek
1394 4488 1483 4576 jelen·
1529 4477 1531 4536 Ι

376 4604 454 4684 isse,
470 4600 550 4668 mint
566 4599 665 4668 uldbb
683 4604 758 4672 265.
775 4623 818 4670 su„
834 4599 883 4691 a.)
1019 4621 1020 4626 ¹
1528 4597 1531 4682 ξ
