3162 5200
570 345 731 448 333-

93 537 165 606 dicti
178 537 336 626 counitos,
358 541 533 610 Miroslaus
556 543 695 626 Traron,
712 549 747 609 et
761 541 900 624 Bucbae,
926 541 1017 611 ciues
1033 542 1215 626 Nouanus,

92 644 243 716 adiunctis
257 646 321 716 sibi
336 648 498 717 nonnullis
512 649 694 734 iniquitatis
711 649 787 734 filiis
804 648 847 716 ad
865 648 982 730 locum,
1008 669 1105 734 quem
1136 649 1213 716 dicti

12 765 27 862 l
88 751 269 824 tornentur
299 761 332 824 ct
350 756 444 824 Prior
475 756 643 824 habebant
672 757 707 824 io
725 751 875 844 predicta
905 755 1041 824 ciuitate
1071 757 1217 826 Nouensi

12 883 17 972 Ξ
93 860 244 932 bosblitcr
257 863 464 951 accedemus
482 872 516 932 et
524 867 560 932 io
577 863 738 950 quosuun
754 885 795 932 ex
812 864 907 932 dictis
923 862 1079 932 fratribus
1095 884 1211 934 nanus

12 975 15 1040 l
92 966 277 1059 inlicientes,
308 971 373 1066 Dei
403 971 519 1040 timore
549 972 742 1058 postposito,
767 978 888 1040 temere
901 970 1073 1057 uolontas,
1089 978 1214 1058 partcm

12 1095 19 1138 ι
93 1075 152 1142 loci
164 1075 312 1146 eiusdem
327 1078 466 1163 diruere,
483 1085 517 1147 et
533 1080 621 1147 bona
635 1077 796 1147 dictorum
812 1077 949 1146 fratrum
964 1076 1085 1147 ibidem
1100 1078 1215 1148 inuen-

92 1189 123 1250 ta
134 1203 250 1271 rapere
280 1192 313 1253 ot
328 1191 499 1272 asportare
530 1187 680 1271 nequiter
710 1194 988 1275 presumpserunt,
1001 1187 1037 1254 io
1054 1187 1214 1254 dictorum

12 1287 15 1322 ³¹
90 1292 206 1360 Prioris
223 1299 255 1360 et
268 1291 404 1362 fratrum
419 1312 522 1379 graue
538 1294 767 1382 prciodioium,
784 1301 817 1362 ot
840 1294 1033 1362 scanmom
1063 1293 1216 1381 plurimo·

12 1339 17 1484 l
94 1418 164 1466 run.
199 1400 362 1481 Quocirca
376 1401 576 1470 fraternitati
592 1409 646 1470 tue
663 1422 720 1487 per
735 1402 924 1488 Apostolica
942 1402 1066 1488 scripta
1081 1401 1216 1469 manda·

92 1527 166 1596 nus,
191 1515 352 1593 quatenus
368 1509 396 1576 si
412 1506 452 1577 de
484 1508 671 1578 huiusmodi
701 1529 858 1578 manuum
887 1509 1071 1594 iniectionc,
1087 1517 1121 1578 et
1152 1511 1215 1578 loci

12 1623 15 1706 ξ
87 1615 224 1701 predicti
239 1615 400 1684 ductione
416 1617 559 1702 legitime
575 1617 634 1686 tibi
646 1617 837 1705 constiterit,
855 1616 1019 1703 predictos
1036 1617 1215 1702 sacrilegos

12 1729 15 1804 ;
85 1723 223 1813 tandiu,
254 1722 481 1811 appellatione
516 1732 651 1810 remota,
690 1726 987 1794 excommunicatos
1019 1730 1052 1792 et
1090 1723 1219 1811 publice

12 1807 16 1908 l
86 1834 250 1920 conscios,
279 1836 312 1899 et
326 1830 431 1898 facias
461 1833 504 1900 ab
519 1835 668 1901 omnibns
699 1833 822 1901 arctius
848 1831 976 1913 coitari,
999 1831 1103 1900 donec
1118 1851 1217 1917 super
1265 1855 1270 1860 ·

12 1933 14 2014 l
94 1940 130 2006 iis
144 1937 358 2034 satioleoen'ot
387 1947 614 2022 competenter,
631 1949 663 2010 ct
693 1939 908 2010 absolutionis
939 1959 998 2008 soe
1027 1938 1218 2007 beneficium

12 2045 14 2124 i
86 2053 327 2133 ‚assequentem
347 2046 477 2114 eosdem
513 2067 653 2134 quoque,
684 2045 771 2133 qnod
803 2049 890 2114 bona
912 2046 988 2132 ipsa
1004 2043 1100 2114 dictis
1114 2041 1219 2112 Priori

87 2161 122 2223 et
136 2154 291 2222 tratribus
306 2152 477 2221 restituant
491 2151 627 2241 integro,
636 2162 673 2222 ot
683 2159 844 2240 tenentur,
865 2153 1042 2222 monitione
1058 2151 1219 2239 premissa

94 2281 146 2347 per
175 2281 345 2330 censuram
378 2261 644 2343 ecclesiasticam,
686 2261 898 2348 appelatione
936 2266 1073 2344 remota,
1104 2259 1220 2347 preuia

94 2370 216 2438 ratione
230 2367 419 2456 computos.
450 2369 566 2438 Testes
582 2375 701 2454 autem,
721 2369 776 2452 qui
801 2367 922 2436 luerint
953 2366 1122 2444 nominati,
1138 2367 1167 2433 ai
1183 2385 1219 2434 sc

89 2475 177 2564 odio,
206 2475 314 2560 gratia
330 2476 387 2543 vel
403 2475 523 2544 timore
545 2476 781 2560 subtraxerint,
796 2495 935 2544 censura
950 2475 1059 2561 simili,
1076 2475 1223 2562 appella·

94 2586 178 2652 tione
207 2589 369 2669 cessante,
411 2585 591 2669 compellas
622 2584 755 2653 verimi
786 2584 1006 2653 testimonium
1037 2582 1219 2669 perbibere.

93 2695 209 2761 Datum
247 2689 388 2758 Vitorbii
427 2690 536 2760 idibus
569 2691 719 2760 Octobris
761 2710 850 2760 anno
879 2689 1090 2761 Pontificatus
1119 2691 1222 2758 nostri

95 2803 205 2886 primo.

130 2997 247 3060 (sarlati
265 2997 375 3059 Daniel,
395 2997 545 3062 Illyricum
564 2993 681 3047 Sacrum
700 2997 733 3048 V.
754 2996 814 3047 tot.
834 2997 970 3049 Velencze
992 2997 1068 3046 1⁷⁷5.
1090 2997 1132 3046 80.
1153 2996 1184 3058 l.)

12 4031 14 4156 l
101 4084 183 4152 XXI.
198 4085 302 4154 Jecur
315 4089 410 4174 pcipe
426 4083 556 4151 Soteira
573 4082 729 4170 trebipocc'
741 4085 906 4172 pitepb‘kb't
922 4085 1030 4149 ncoezi
1039 4083 1074 4148 lei
1083 4084 1222 4168 rapsaci

12 4193 14 4228 ³
516 4191 676 4258 braebncle.
702 4191 801 4259 1276.

199 4387 367 4456 Jobanoes
395 4385 578 4473 Episcopus
608 4407 722 4456 seruos
753 4403 920 4454 seruorum
951 4383 1015 4450 Dei
1040 4384 1218 4452 vonerabili

12 4583 14 4596 ι
101 4493 187 4563 tratri
201 4495 314 4564 Salvio
329 4496 585 4582 Arcbiepiscopo
601 4497 769 4580 Ragnsino
789 4495 927 4562 salutem
943 4499 975 4561 et
1000 4490 1220 4580 Apostolioam

12 4609 14 4670 l
100 4601 359 4674 benedictionem.
390 4603 429 4670 ln
452 4622 612 4688 ,supreme
644 4603 780 4688 specula
811 4601 984 4688 dignitatis
1026 4619 1223 4686 quamquam

12 4675 16 4804 l

12 4809 16 4888 l

201 4739 305 4778 uonna.
321 4738 404 4776 ιιιιιιιι.
423 4737 494 4777 uror,
512 4749 553 4764 -
570 4739 644 4779 nura.
659 4738 726 4776 xxrr.
909 4765 912 4770 .
1077 4711 1117 4777 1'2
