3162 5200
533 407 693 508 Q

67 615 120 679 lem
133 610 173 677 od
188 607 268 675 dues
285 611 387 674 metas
404 610 547 690 terreee;
573 603 689 670 deinde
705 601 769 668 itur
784 601 826 668 ed
848 609 971 688 partem
987 603 1179 670 orientalem

67 739 167 788 uersus
195 716 311 784 siluam
344 713 480 782 Comitis
511 713 654 799 Martini,
671 712 724 778 vbi
742 717 817 777 sunt
832 711 897 778 due
913 716 999 779 mete
1014 719 1129 797 terroe,
1145 711 1179 777 in

67 846 188 912 quarum
208 825 313 890 altore
345 827 396 890 est
425 822 523 888 orbor
557 820 753 904 uirgultine3
777 816 898 885 abhinc
928 819 1033 886 tendit
1068 839 1181 890 uersus

69 933 173 998 siloem
201 931 294 997 iuxta
327 929 492 996 meridiem
524 929 566 994 ud
584 928 667 994 dues
699 933 802 994 metm
832 933 968 1012 terreas,
994 927 1180 1011 inquorum

67 1041 159 1108 altere
174 1045 222 1107 est
236 1039 334 1106 arbor
349 1037 560 1124 gemelchen3
582 1035 703 1102 obbino
719 1054 832 1102 uersus
845 1035 1002 1102 orientem
1017 1033 1060 1102 ad
1079 1057 1179 1121 engu-

64 1149 140 1214 leres
166 1153 265 1214 metas
297 1143 433 1213 Comitis
465 1141 605 1229 Martini,
638 1142 747 1227 ibique
772 1140 974 1210 terminetur.
993 1143 1179 1230 Proscripte

65 1262 159 1322 autem
176 1262 258 1321 mete
277 1254 319 1320 ed
336 1261 462 1339 portem
478 1250 778 1339 septemtrionalem
796 1256 951 1337 separant
981 1259 1086 1320 terras
1119 1251 1179 1318 00·

67 1363 144 1430 mitis
172 1360 304 1429 liertini
337 1366 370 1427 et
385 1360 525 1426 filiorum
548 1376 696 1437 suorum;
721 1376 739 1424 e
756 1364 869 1426 contre
883 1355 1019 1428 heodem
1034 1365 1120 1427 mete
1135 1359 1180 1426 ad

67 1479 174 1555 purtem
190 1467 435 1536 meridionalem
452 1471 612 1554 separent
629 1474 734 1534 terres
756 1467 933 1554 Ambrosij,
964 1467 1090 1555 Gozme,
1116 1466 1180 1535 Ab·

67 1579 154 1662 sulen,
183 1577 309 1662 lloson,
342 1577 427 1643 Pous
459 1581 491 1642 et
507 1581 687 1642 ceterorum
716 1579 926 1658 cognotorum
942 1595 1071 1644 suorum
1086 1573 1179 1644 utris-

67 1705 121 1768 que
134 1686 275 1771 pertibus
291 1686 328 1752 in
343 1689 532 1770 perpetuum
549 1684 684 1769 pacifice
700 1681 904 1768 possidendo.
921 1684 990 1752 Hoc
1015 1684 1179 1769 adiuncto,

69 1793 141 1876 quod
168 1793 274 1879 siqua
304 1791 453 1880 parcium
470 1791 512 1858 dc
527 1788 711 1858 huiusmodi
737 1791 977 1876 composicione
992 1794 1026 1858 in
1042 1798 1111 1859 toto
1126 1793 1180 1860 rel

70 1900 98 1964 in
111 1908 195 1986 perte
209 1899 362 1983 resiliret,
376 1900 429 1966 rel
446 1919 604 1984 unapars
621 1897 662 1965 de
686 1898 825 1984 singulis
855 1897 1015 1985 resilierit,
1048 1899 1181 1982 triginta

71 2025 180 2073 merces
196 2009 279 2094 perti
297 2007 570 2094 composicionem
588 2006 737 2074 toleranti
754 2006 878 2090 absque
893 2008 1046 2092 porcione
1056 2006 1181 2093 judicis

71 2115 179 2181 soluere
194 2113 316 2182 debeat
332 2121 409 2182 ante
423 2114 527 2182 litem.
543 2115 625 2180 Item
641 2115 670 2182 si
686 2133 749 2198 que
769 2115 913 2199 porcium
945 2115 1070 2184 litteras
1103 2135 1182 2202 quu-

19 2237 21 2316 ;
71 2219 224 2308 lescunque
254 2243 355 2310 super
385 2221 473 2290 fecto
506 2223 651 2306 predicte
671 2221 831 2307 particule
850 2227 933 2288 terre
948 2222 1120 2308 sexaginte
1135 2225 1181 2291 iu-

19 2331 21 2364 ³
73 2347 167 2411 gerum
181 2331 214 2397 in
229 2330 447 2416 preiudicium
479 2329 582 2414 pertis
613 2329 750 2397 eduense
781 2327 974 2398 occultando
1005 2331 1182 2414 detineret3

72 2436 309 2523 quandocunque
337 2435 529 2521 exhibuerit,
569 2436 728 2522 prefatam
751 2455 909 2504 summum
926 2441 1064 2521 pecunie
1079 2437 1178 2507 XXX

74 2563 231 2614 marcorum
251 2549 380 2614 soluere
398 2552 555 2613 teneatur.
588 2547 624 2612 ln
656 2545 747 2613 cuius
778 2545 824 2612 rei
841 2549 1029 2615 memoriam
1061 2554 1094 2615 et
1108 2568 1179 2634 per·

74 2659 186 2733 potuum
214 2653 431 2723 stabilitatem
461 2659 631 2737 presentes
661 2659 788 2722 nostras
820 2653 864 2719 ed
884 2655 1076 2741 peticionem
1096 2663 1182 2723 utru-

75 2777 189 2843 mmque
203 2765 350 2846 parcium
365 2762 470 2828 nostri
486 2760 700 2847 oppositione
715 2760 812 2844 sigilli
846 2763 1061 2832 concessimus
1091 2766 1184 2833 robo-

75 2871 155 2937 retes.
169 2871 280 2940 Actum
291 2889 380 2936 anno
390 2867 510 2936 Gracie
520 2867 621 2935 mdc
630 2867 749 2934 ⁰LXX⁰
760 2867 883 2957 quinto,
895 2888 1005 2938 menes
1018 2869 1180 2958 Marcbyo.

24 3023 26 3034 .
76 2967 203 3044 lobuune
217 2977 371 3061 (lentore,
387 2977 515 3046 Thema
531 2974 682 3062 Custode,
697 2977 863 3046 Demetrio
879 2976 1023 3064 Deceno,
1055 2977 1182 3046 ceteris·

25 3111 26 3142 2
76 3098 125 3162 que
152 3104 243 3167 quam
274 3081 424 3172 pluribus
453 3081 575 3150 ibidem
606 3082 829 3152 existentibus.
857 3086 979 3153 Datum
994 3106 1054 3172 per
1069 3105 1183 3154 manus

76 3184 202 3270 bedsci
217 3190 419 3260 Wencbizlai
434 3189 582 3258 Lectoris
597 3187 968 3276 Quinqueecclesiensis.

78 3382 199 3443 (Mutis
234 3389 419 3455 bbrbtrtydm
439 3390 558 3456 melyrttl
579 3404 597 3441 a
627 3390 720 3454 pecsdt
737 3392 820 3442 vitriis
840 3391 1076 3457 selyemnsinbron
1095 3394 1183 3458 f‘slssdt

29 3479 30 3482 ’
202 3480 352 3532 efbmdlt
373 3480 494 3546 herezeg
512 3479 683 3546 Eezterhdzy
704 3481 799 3532 cseltd
818 3481 1032 3547 levtlttrtbsn.)
