3162 5200
832 405 994 506 ffic—

344 605 432 694 dum,
452 601 657 673 concordium
674 601 744 668 sine
760 600 930 684 arbitrium
947 599 990 666 ad
1011 599 1161 665 effectum
1187 598 1330 666 debitum
1361 597 1478 682 perde·
1503 607 1508 620 '

344 719 448 781 catur.
479 711 548 779 blus
562 709 625 796 ipsi
657 705 790 776 ludices
819 707 934 774 arbitri
955 704 1124 773 memorati
1139 705 1210 772 locu
1226 704 1390 792 prestuldi
1406 704 1472 772 siue

345 819 530 888 executoris
547 816 708 902 prefatum
726 813 890 882 dominum
914 813 1214 902 Arcbiepiseopnm,
1248 813 1475 899 Cupitnlnmet

346 926 550 995 Munusteria
579 924 651 991 siue
667 921 832 992 Ecclesius
850 921 1066 1008 Spalutensus
1082 921 1115 987 in
1133 922 1334 1006 corporalem
1351 941 1391 988 ue
1406 941 1472 1007 per·

344 1039 478 1122 petuam
493 1029 733 1118 possessionem
750 1029 918 1115 posuimus
934 1034 966 1095 et
982 1029 1147 1097 induimus
1163 1029 1198 1095 in
1213 1029 1479 1115 possessionibus

343 1140 392 1209 eis
407 1140 558 1227 superius
574 1135 780 1223 abiudicatis,
798 1143 830 1204 et
846 1137 1024 1205 Commune
1039 1135 1168 1222 Spalati
1183 1137 1218 1204 in
1236 1136 1344 1203 insula
1365 1133 1476 1204 Sancti

345 1249 484 1336 Stelani,
500 1256 533 1316 et
549 1245 790 1334 suprascriptus
807 1245 946 1330 Didigus
959 1246 995 1312 in
1010 1243 1098 1312 dicta
1112 1245 1192 1312 villa
1209 1242 1356 1313 Ostrculn
1443 1245 1446 1252 '

456 1357 573 1424 Actum
589 1360 639 1423 est
654 1353 715 1422 hue
731 1359 764 1421 et
776 1353 940 1422 firmatum
956 1352 1045 1439 apud
1057 1353 1226 1438 Spalatum
1242 1353 1277 1418 in
1297 1350 1393 1421 dumo
1403 1355 1473 1420 Fru-

347 1471 431 1532 trum
448 1464 692 1531 Prediealcrnm
712 1459 899 1528 conuentus
918 1459 1067 1528 Ciuitatis
1092 1459 1301 1547 spalatensis
1333 1461 1481 1547 partibus-

348 1571 416 1659 hijs
427 1569 550 1656 secutis
567 1576 598 1636 et
612 1567 736 1654 rogatis
751 1566 906 1649 testibus3
921 1567 1074 1634 videlicet
1091 1567 1194 1635 fratre
1209 1565 1382 1636 Dominico
1399 1567 1474 1634 Sub·

350 1678 469 1768 priore,
486 1677 586 1746 lratre
603 1675 851 1761 JerseLectcre,
864 1675 1002 1742 etlratrc
1012 1675 1179 1742 Leunurrlo
1189 1672 1321 1744 Ordinis
1331 1676 1473 1743 Predicu·

346 1794 452 1853 torum
468 1784 588 1873 prefati
604 1783 790 1851 Conuentns
806 1783 949 1870 Spalati3
966 1790 999 1851 et
1014 1783 1097 1851 latre
1112 1783 1272 1850 Michaele
1292 1781 1480 1853 Gnardiunu·

348 1892 478 1962 Ordinis
492 1893 651 1960 Minorum
678 1891 866 1960 conuentus
892 1891 1115 1978 Spalutensis3
1140 1897 1172 1957 et
1202 1891 1368 1960 nobilibus
1400 1891 1471 1958 viris

348 1999 451 2068 Cerne
467 2001 508 2067 de
523 2002 628 2086 Dunc,
646 1999 847 2068 etblichaele
863 1997 1023 2066 Martinus
1040 1999 1165 2066 ciuibus
1183 1997 1414 2068 Jadrcnsibus.
1428 1998 1472 2065 As

349 2109 506 2175 maiorem
538 2108 701 2174 cantelam
726 2113 759 2173 et
792 2113 982 2194 perpetuam
1014 2105 1198 2175 firmitatem
1231 2127 1291 2175 nus
1325 2105 1470 2192 prelibati

349 2213 480 2283 ludices
509 2214 622 2283 arbitri
640 2214 725 2282 hunc
745 2221 854 2284 nostre
883 2216 1058 2300 sentencie,
1078 2215 1241 2302 concordij
1264 2217 1337 2283 siue
1355 2215 1476 2299 arbitrij'

347 2325 505 2408 paginam
525 2321 703 2407 sigillorum
715 2327 893 2390 nostrorum
913 2323 1127 2410 pendencium
1147 2325 1326 2391 munimine
1344 2324 1477 2390 fecimus-

307 2439 309 2444 ‘
349 2430 505 2496 roborari.

410 2535 417 2547 ’
458 2539 528 2620 Ego
547 2537 659 2605 Presle
678 2537 719 2606 de
732 2536 923 2623 (lutopagne
938 2537 1045 2605 ludex
1064 2539 1184 2607 urbiter
1203 2541 1237 2606 in
1257 2540 1409 2627 predictis
1425 2557 1477 2605 me·
1538 2537 1540 2545 ’

350 2643 539 2730 subscripsi.

458 2753 529 2836 Ego
550 2752 730 2820 Dumaldus
746 2752 926 2820 Zudulinus
944 2753 1052 2821 Judex
1071 2755 1192 2822 arbiter
1213 2754 1246 2822 in
1258 2757 1407 2842 predictis
1425 2771 1469 2821 nte

351 2860 542 2947 subscripsi.

459 2969 529 3052 Ego
549 2968 745 3035 Vincencius
771 2969 917 3038 Ecclesia
944 2967 1063 3037 Sancte
1090 2971 1192 3040 Maris
1220 2972 1352 3040 blaicris
1381 2970 1477 3038 cteri-

353 3096 408 3143 cus
427 3080 459 3141 et
469 3073 641 3144 ledrensis
660 3075 816 3146 Notarius
833 3077 987 3163 predictis
1007 3079 1138 3148 interlui
1155 3087 1300 3165 rugatus,
1315 3086 1351 3146 vt
1367 3076 1472 3147 audiui

351 3181 438 3249 banc
454 3182 651 3250 sentenciam
669 3185 832 3271 cuncordij
852 3185 922 3254 sinc
941 3185 1069 3271 arbitrij
1089 3193 1212 3257 emtam
1239 3190 1367 3278 scripsi,
1388 3185 1474 3254 rebe

352 3290 424 3356 rani
444 3296 477 3356 et
497 3291 591 3376 signo
611 3291 709 3358 sohte
729 3291 867 3376 signari.

570 3489 693 3554 (Lucius,
712 3491 845 3544 Memoris
864 3493 1002 3545 Istoriclrs
1021 3495 1050 3546 ‹lr’
1069 3496 1146 3549 Tuan
1168 3499 1225 3547 101.
1244 3497 1275 3563 l.)
