3142 5198
925 369 993 439 444

390 568 593 654 presencium
611 566 760 635 volumus
777 566 950 654 peruenire
967 592 974 632 ι
994 569 1078 652 quod
1102 569 1185 637 Both
1200 569 1268 636 filio
1300 569 1441 654 Symonis
1464 571 1496 637 le

391 673 523 742 Muleuh
556 694 596 740 ex
627 694 692 741 vna
708 680 811 760 parte,
836 675 878 742 ab
895 674 1000 742 altere
1027 695 1103 744 uero
1119 676 1267 762 Nyoolao
1284 674 1351 744 lilio
1367 675 1456 742 Zlnrlr
1468 675 1499 744 io

392 783 484 850 iuxta
498 780 651 848 Thuruoh
668 800 727 866 pro
743 801 780 849 se
795 788 827 850 et
850 803 912 869 pro
943 781 1037 850 Senlr
1070 790 1102 851 et
1133 784 1228 851 Petro
1260 782 1411 850 iratribus
1437 784 1500 867 suis,

315 976 317 986 Ι
391 909 430 957 ao
461 909 518 974 pro
548 890 640 957 lwen
671 888 712 955 de
742 889 886 976 Zyluehe
914 890 1078 959 seruiente
1103 889 1279 960 eorundem
1300 910 1407 958 eorem
1421 890 1499 957 nobis

393 992 604 1083 personaliter
621 995 813 1086 constitutis,
830 998 975 1083 prefatus
1001 997 1083 1066 Both
1113 1000 1281 1085 proposuit
1312 999 1389 1065 vina
1416 1016 1501 1064 roos:

397 1104 483 1186 quod
515 1123 609 1192 snper
626 1111 728 1176 morte
744 1106 829 1191 Elye
845 1104 955 1173 fratris
981 1107 1031 1176 sui
1048 1106 1160 1175 solutis
1175 1107 1238 1174 sibi
1255 1106 1389 1190 triginta
1404 1105 1502 1174 merois

394 1231 452 1295 per
467 1213 650 1300 Nyoolsum
667 1223 699 1282 et
715 1214 832 1284 fratres
848 1235 924 1283 suos
940 1233 980 1280 eo
996 1217 1087 1284 Iwan
1106 1213 1311 1303 supradictos
1329 1232 1386 1301 per
1414 1215 1504 1280 omniu

395 1319 540 1389 extitiset
571 1320 786 1407 satisfactum,
813 1322 1006 1391 dimittendo
1022 1323 1150 1392 eosdem
1166 1343 1264 1409 snper
1279 1322 1356 1408 ipsa
1371 1331 1464 1390 morto
1477 1321 1503 1388 in

393 1427 541 1496 omnibns
556 1435 589 1498 et
604 1451 663 1517 per
680 1430 791 1498 omnio
809 1449 918 1499 eorem
933 1431 1030 1498 nobis
1060 1431 1240 1518 expeditos.
1272 1430 1411 1516 Insuper
1438 1429 1502 1494 obli·

393 1535 485 1618 genii
493 1555 529 1603 se
538 1537 702 1622 predictus
718 1538 802 1608 Both
813 1546 846 1606 et
855 1538 991 1608 heredes
1008 1558 1093 1624 suos,
1104 1540 1296 1625 Nyeoleum,
1313 1537 1429 1604 iratres
1440 1555 1501 1603 suos

394 1649 427 1708 et
441 1644 531 1712 Iwen
549 1652 751 1731 prenotatos,
767 1667 807 1714 ue
822 1645 959 1715 heredes
975 1646 1154 1715 eorundem
1173 1646 1342 1712 uniuersos
1359 1645 1400 1711 ab
1423 1644 1504 1712 omni·

396 1750 456 1818 bus
488 1751 618 1821 racione
650 1753 738 1823 dioto
769 1756 883 1824 mortis
914 1754 1070 1840 impetere
1101 1751 1286 1835 nitentibus,
1305 1751 1468 1821 defendere
1479 1757 1505 1817 et

395 1857 550 1943 expedire
566 1860 706 1947 propriis
721 1861 889 1930 laboribus
902 1869 934 1929 et
951 1863 1113 1947 expensis.
1129 1862 1168 1927 In
1184 1859 1275 1928 ouius
1299 1879 1359 1945 rey
1383 1859 1504 1926 testinno-

394 1966 483 2033 nium
514 1967 558 2035 ed
588 1968 785 2038 instenoiem
816 1971 964 2056 porcium
995 1976 1165 2056 presentes
1197 1966 1393 2035 contulimus
1421 1965 1505 2050 sigilli

396 2075 496 2142 nostri
514 2083 588 2160 post
603 2077 734 2162 plegem
750 2076 983 2145 'florianorum
1000 2075 1152 2146 seeundo*
1168 2074 1316 2144 renouati
1349 2071 1505 2140 munimine

395 2182 584 2266 roboratam
609 2185 814 2269 presentibus
843 2193 952 2254 temen
977 2185 1134 2271 Magistro
1166 2185 1342 2269 Anthonyo
1375 2183 1505 2262 (lentore,

397 2288 497 2359 Seulo
511 2292 656 2380 Leotore,
672 2293 794 2378 Mykov
810 2291 961 2379 Custode,
978 2293 1082 2360 Paulo
1097 2293 1138 2361 de
1161 2292 1295 2376 Borsvu,
1328 2290 1461 2358 Murlino
1475 2285 1507 2352 de

396 2396 550 2485 Zoboleh,
582 2400 751 2468 Bernerdo
768 2399 810 2467 de
825 2401 949 2489 Kemey
980 2400 1229 2469 Arohidiaeonis
1254 2406 1287 2466 et
1303 2395 1382 2483 eliis
1398 2395 1496 2464 multis

397 2526 481 2572 anno
498 2507 629 2575 Domini
646 2505 765 2576 110οΟο
782 2509 1005 2596 octuagesimo
1022 2507 1144 2594 quinto.
1165 2510 1336 2594 Regnante
1368 2503 1506 2571 Lsdizlso

395 2613 518 2680 illustri
549 2613 640 2701 Rege
670 2615 849 2703 Hungsrie,
891 2616 1081 2684 lodomerio
1122 2614 1348 2702 strigoniensi,
1378 2612 1509 2682 Johsnns

397 2719 566 2790 Coloeensi
596 2722 879 2811 Arohiepisoopis3
915 2724 1047 2792 domino
1077 2732 1187 2794 nostro
1219 2722 1397 2792 venerabili
1431 2725 1509 2805 petre

396 2827 527 2898 Andros
542 2830 604 2900 Dei
620 2831 732 2917 gisela
747 2833 910 2919 Episeopo
927 2832 1082 2918 Agriensi
1094 2831 1319 2901 existentibus.

699 2943 731 3008 A
947 2943 973 3007 Β
1189 2941 1215 3008 G

399 3135 541 3195 (Eredelie
573 3137 757 3205 bbrhlrtyem
788 3155 806 3190 e
833 3142 921 3192 berne
950 3139 1189 3204 selyemzsinbron
1207 3141 1324 3208 liiggiitt
1343 3142 1432 3208 peciit
1449 3141 1498 3190 elm

619 3231 708 3295 szett3
739 3229 861 3282 ebudsi
879 3230 932 3282 kin.
954 3227 1082 3282 lumensi
1102 3229 1297 3294 leveltsrbsn)

923 3945 997 4016 373.

399 4143 420 4204 I
425 4142 458 4208 V.
475 4143 591 4211 Lctozlo
606 4145 780 4232 kira'lyoule
803 4145 944 4233 Warasy
961 4149 992 4215 e's
1007 4144 1133 4236 Sumop
1147 4157 1228 4216 neoti
1261 4147 1431 4214 Vulkoouioo'
1447 4141 1506 4226 fiil-

397 4249 483 4315 debet
499 4257 654 4338 tdrpyuzcl
670 4255 853 4340 adomdoya
877 4256 950 4322 Filo
980 4267 1104 4340 moetos,
1141 4255 1258 4322 Tamus
1289 4254 1439 4322 contemmis
1461 4249 1505 4332 ſsi

816 4366 976 4429 szdmdra.
995 4363 1094 4429 1286.

502 4555 680 4627 Ladizluus
712 4561 773 4626 Dei
805 4560 918 4645 grecie
957 4561 1134 4649 Hungerie,
1165 4562 1345 4646 Dalmeeie,
1374 4553 1500 4633 Cressis,

396 4665 507 4754 Reme,
525 4666 648 4756 Seruio,
666 4669 816 4758 Gallioie,
833 4668 1033 4756 Lodomerie,
1051 4668 1208 4739 Cumanie
1221 4667 1431 4756 Bulgnrieque
1443 4663 1499 4726 Rex
