3102 5196
828 1061 902 1130 stt.

297 1257 327 1323 A
339 1261 493 1349 possequo'
507 1261 737 1348 lodptuloouak
755 1261 1035 1348 biaoayrctpleoele‚
1053 1261 1139 1347 lropy
1154 1258 1285 1328 Rolano
1300 1260 1434 1326 tonnae

291 1368 359 1450 fiai
375 1365 519 1453 Golpooa
536 1371 568 1434 ts
583 1368 707 1433 Petltau
722 1369 910 1434 ttrrokutar
937 1369 1070 1433 studeat
1087 1367 1229 1434 Bonedolo
1260 1365 1433 1432 oornesnek.

816 1476 916 1542 1282.

406 1668 588 1754 Capitulum
620 1668 765 1736 Eoolesie
795 1667 889 1735 Beati
921 1668 1009 1734 Petri
1044 1668 1084 1733 de
1117 1669 1247 1755 Posaga
1279 1668 1432 1737 omnibus

298 1773 415 1842 Christi
431 1775 581 1843 fidelibus
613 1778 817 1862 presencium
850 1775 1006 1844 notioiam
1039 1775 1202 1843 habituris
1234 1778 1376 1844 salutem
1394 1779 1429 1845 in

297 1884 437 1950 Domino
469 1881 709 1966 sempiternam.
727 1881 779 1950 At
795 1883 1017 1950 uniuersorum
1045 1882 1199 1952 noticiam
1216 1893 1281 1950 tam
1300 1904 1432 1969 presen-

243 2077 244 2080 ,
298 1990 382 2056 oium
399 2008 495 2074 quarn
513 1987 694 2056 futurorum
709 1987 825 2055 harum
842 1989 927 2056 serio
946 1991 1094 2056 volumus
1126 1991 1311 2077 peruenire,
1344 1995 1431 2076 qnod

300 2097 457 2180 Magistro
488 2095 624 2179 Mathya
655 2095 724 2162 filio
756 2095 899 2164 Rolundi
930 2095 1014 2163 Bani
1031 2116 1090 2183 pro
1116 2117 1151 2164 ss
1167 2105 1201 2166 et
1215 2119 1275 2184 pro
1290 2100 1430 2168 Ratoldo

298 2203 401 2271 fratre
415 2224 475 2270 suo
490 2204 617 2271 vterino
632 2203 675 2268 ab
687 2223 751 2270 rna
766 2209 859 2287 perte
873 2225 881 2283 ;
903 2202 1027 2270 Comite
1043 2203 1220 2272 Benedioto
1237 2203 1303 2272 filio
1321 2206 1430 2275 (tomi-

296 2311 507 2378 tislwanohe
537 2311 579 2376 ab
596 2311 703 2377 altera
735 2330 842 2376 coram
875 2313 969 2378 nobis
996 2311 1214 2394 personaliter
1230 2313 1426 2399 eonstitutis‚

298 2418 384 2485 illem
401 2417 556 2500 Magister
572 2417 723 2502 Mathyas
735 2417 902 2485 eonlessus
914 2425 962 2483 est
974 2418 1108 2485 oraonlo
1124 2418 1198 2485 vine
1213 2420 1303 2486 vocis
1319 2444 1328 2484 ε
1345 2424 1430 2506 quod

298 2525 374 2592 lieet
390 2524 493 2610 primo
505 2533 537 2591 et
548 2523 773 2610 principaliter
791 2524 949 2608 quasdam
960 2524 1182 2610 possessiones
1193 2545 1270 2594 suas
1280 2525 1429 2612 Golgous

299 2638 332 2699 et
345 2632 474 2701 Pethna
499 2639 632 2700 vocatas
648 2632 683 2699 in
715 2631 878 2699 Comitatn
895 2632 937 2698 de
968 2633 1099 2718 Posaga
1129 2632 1318 2722 existentes,
1349 2657 1429 2719 quae

223 2806 233 2814 ,
298 2740 403 2824 primo
435 2739 612 2807 seeundum
628 2740 714 2824 quod
730 2741 764 2804 in
781 2739 940 2824 prioribus
967 2738 1088 2808 litteris
1105 2739 1225 2807 nostris
1242 2745 1428 2826 patentibus
1532 2798 1538 2816 .

298 2845 511 2934 inspeximus,
543 2846 691 2931 predicto
723 2844 840 2913 Comiti
870 2845 1045 2913 Benedioto
1086 2844 1172 2912 idem
1211 2847 1368 2934 Mathyas
1399 2858 1430 2918 et

298 2951 457 3020 Batoldus
472 2955 686 3039 personaliter
701 2960 926 3039 comparentes
943 2973 1002 3039 pro
1017 2959 1145 3020 eentum
1165 2960 1197 3022 et
1207 2953 1428 3040 quadraginta

299 3061 443 3146 quinque
461 3059 579 3127 mareis
597 3060 862 3147 inpignorassont
878 3058 937 3125 tali
962 3059 1068 3145 modo,
1100 3057 1232 3142 quodsi
1263 3059 1298 3126 in
1332 3062 1385 3130 die
1401 3071 1429 3131 et

299 3169 436 3234 termino
452 3168 620 3251 assignato
641 3187 699 3252 pro
715 3165 838 3235 eisdem
859 3165 1223 3250 centumquadraginta
1239 3172 1272 3232 et
1288 3170 1428 3254 quinque

300 3275 418 3340 mareis
433 3275 593 3345 redimere
609 3293 674 3341 non
690 3279 841 3340 onrarent
857 3273 909 3339 vel
927 3294 992 3339 non
1012 3273 1154 3360 possent,
1175 3280 1293 3341 extuno
1311 3276 1427 3362 dupplo

301 3381 476 3448 earundem
494 3380 853 3464 centumquadraginta
868 3381 1428 3465 quinquemarearumsubiaoerent3

300 3487 432 3556 tandem
448 3492 519 3574 ipso
536 3491 591 3556 die
601 3486 837 3575 redempcionis
855 3487 1051 3556 adueniente
1071 3487 1235 3574 predictas
1252 3490 1429 3575 possessio·

300 3615 360 3663 nes
392 3597 520 3681 Golgos
551 3604 583 3663 et
598 3596 723 3663 Petlrna
753 3595 841 3663 idern
866 3595 1023 3679 Magister
1042 3593 1195 3679 Mathyas
1214 3602 1247 3661 et
1261 3596 1429 3684 Ratoldus,

300 3710 336 3768 vt
346 3712 597 3789 assumpserant,
614 3704 774 3771 redimere
783 3705 1010 3788 nequiuernnt,
1021 3701 1080 3768 sed
1091 3701 1256 3787 predictus
1272 3703 1430 3790 Magister

300 3809 462 3897 Mathyas,
491 3816 529 3874 vt
544 3809 743 3896 prediximus
774 3810 872 3897 paulo
893 3818 980 3897 ante,
1008 3829 1066 3894 pro
1082 3828 1117 3876 so
1134 3815 1167 3874 et
1182 3828 1239 3896 pro
1258 3809 1359 3878 tratre
1373 3832 1431 3880 suo

301 3917 512 4002 personaliter
528 3919 757 4004 comparando,
774 3916 936 3985 communi
953 3935 1113 3984 consensu
1128 3923 1160 3982 et
1170 3917 1242 4002 pari
1260 3916 1431 3988 voluntate

300 4024 463 4111 predictas
493 4025 717 4109 possessiones
750 4024 881 4107 Galgoa
912 4030 943 4089 et
974 4023 1111 4108 Pethna,
1143 4043 1215 4089 oum
1248 4025 1332 4090 turri
1363 4027 1432 4094 siue

301 4138 417 4216 oasmo,
435 4135 553 4198 etonm
572 4133 720 4200 omnibus
752 4130 948 4200 utilitatibus
979 4129 1047 4197 suis
1079 4137 1113 4196 et
1143 4129 1356 4217 pertinenoijs
1389 4153 1428 4200 ao

300 4236 566 4322 oiroumstanoijs,
592 4239 687 4306 metis
703 4247 736 4305 et
751 4237 899 4305 terminis
916 4235 1140 4320 infrasoriptis
1157 4237 1381 4305 circumdatas
1399 4247 1433 4306 et

300 4347 452 4432 vallatas,
479 4363 537 4432 pro
569 4347 810 4430 quatringentis
840 4346 956 4414 merois
987 4345 1022 4411 in
1054 4352 1189 4429 argento
1221 4353 1255 4410 et
1286 4345 1432 4430 denariis

301 4457 398 4543 plene
429 4471 536 4521 eoram
553 4453 647 4520 nobis
662 4455 803 4541 receptis
820 4452 967 4538 predicto
983 4451 1101 4520 Comiti
1121 4450 1360 4536 serenicurt
1376 4471 1433 4539 per

298 4579 375 4630 eum
389 4559 458 4630 suis
471 4557 643 4630 heredibus
659 4560 875 4646 heredumque
896 4580 1026 4629 suornm
1044 4557 1287 4628 suooasontus
1303 4580 1346 4627 er
1360 4579 1434 4648 per·
1521 4593 1529 4607 ·

300 4667 455 4738 missione
485 4671 518 4734 et
547 4667 716 4738 voluntate
746 4665 885 4754 prodisti
923 4666 1036 4736 fratris
1067 4664 1129 4750 sni,
1161 4665 1246 4738 siout
1276 4685 1314 4736 ss
1344 4665 1433 4734 idem
