3190 5190
33 1225 35 1238 ί
81 1259 133 1324 tV.
148 1259 249 1326 loreto
278 1260 454 1346 isirdlyualo
485 1260 592 1345 Ne'oeq
622 1260 774 1345 delpac‘gst
804 1259 963 1344 toirpyuzd
994 1255 1181 1342 odomduya

33 1353 38 1394 l
209 1369 332 1455 rosnay
349 1392 448 1435 some
464 1371 576 1454 eju-ers
591 1373 738 1456 cureyo
752 1371 914 1435 camora.
941 1367 1039 1432 1274.

169 1562 335 1631 ladislaus
366 1562 428 1629 Dei
445 1563 557 1647 gracia
586 1561 729 1646 Vugaric
753 1561 934 1645 Dalmacie,
956 1558 1100 1642 Crouoie,
1119 1559 1181 1625 Ra·

33 1659 35 1698 *
82 1670 256 1758 mesconis,
274 1668 427 1755 Gallicie,
454 1668 656 1754 Lodomerie,
689 1666 843 1734 Cumanie
875 1667 1094 1752 Bulgarieque
1110 1668 1181 1731 Rex

33 1773 35 1818 l
76 1775 207 1842 ammius
244 1775 363 1844 Christi
403 1774 555 1842 fidelibus
597 1777 713 1861 quibus
761 1780 929 1861 presentes
968 1772 1181 1840 ostenduntur

33 1867 35 1972 ζ
76 1881 194 1948 sulutem
211 1884 243 1948 in
268 1903 306 1949 eo
340 1883 397 1966 qui
427 1882 572 1966 Regibus
603 1882 660 1948 dat
691 1882 840 1950 salutem.
872 1881 923 1947 Ad
954 1881 1178 1949 uniuersorum

33 1987 35 2046 t
80 1988 207 2056 noticiam
236 1996 350 2057 tenore
381 1989 587 2074 presencium
618 1990 767 2058 volumus
796 1991 981 2077 peruenire,
1013 1989 1101 2073 quod
1119 2006 1179 2054 noa

33 2061 35 2116 ³
33 2095 262 2190 ,oondderatis
312 2097 452 2178 meritis,
498 2097 712 2166 fidelitatibus
743 2105 775 2164 et
815 2096 983 2166 fidelitatis
1016 2095 1180 2180 obsequijs

33 2145 186 2269 ‘'donius
213 2203 383 2272 Michaelis
413 2205 472 2289 filij
490 2203 655 2290 Budmarij
682 2204 860 2272 Castellani
877 2203 919 2271 de
935 2205 1053 2292 Vyuar
1067 2202 1174 2269 tidelis

33 2283 35 2362 l
69 2309 167 2389 ιοιιιι,
182 2314 212 2375 et
225 2310 372 2378 eiusdem
393 2319 488 2393 grata
507 2311 664 2395 obsequia
683 2322 715 2382 et
746 2313 943 2397 obsequiosa
974 2310 1099 2393 merita,
1116 2329 1180 2393 que

33 2363 37 2472 i
70 2413 182 2481 nobis
173 2437 204 2483 ιιι
219 2418 333 2485 multis
366 2419 511 2504 negooiJs
544 2425 576 2486 et
599 2419 747 2504 pluribus
775 2417 1040 2504 expedicionibns
1073 2416 1177 2500 Regni

68 2523 153 2588 nutri
166 2523 350 2608 frequenter
365 2525 514 2612 inpendit
529 2534 561 2593 et
577 2527 753 2613 inpendere
768 2546 835 2592 non
856 2525 1007 2612 cessauit,
1034 2523 1176 2591 maxime

72 2629 350 2701 inconsernaoicne
382 2632 481 2700 castri
512 2633 613 2701 nostri
644 2635 775 2718 Vyuar;
799 2634 964 2716 quiscum
981 2651 1094 2700 omnes
1110 2633 1174 2700 ulie

72 2738 258 2828 municiones,
276 2749 390 2809 eastra
405 2749 437 2810 et
453 2742 554 2829 opida
568 2743 603 2811 in
619 2743 758 2810 confinio
788 2740 892 2824 Regni
923 2743 1027 2810 nostri
1057 2760 1116 2825 per
1130 2740 1178 2806 ιιι-

71 2845 167 2912 sultum
185 2847 284 2934 Regis
304 2848 499 2916 Boemornm
516 2855 593 2916 tunc
608 2848 731 2918 inimici
747 2849 851 2916 nostri
867 2849 1022 2932 capitalis
1039 2849 1174 2915 fuissent

66 2961 216 3040 voccupato,
232 2957 322 3024 idem
340 2955 458 3024 Comes
473 2957 613 3026 Michael
645 2956 828 3044 predictum
861 2962 1000 3024 castrum
1033 2961 1177 3022 nostrum

33 3041 43 3224 J
70 3057 161 3142 lJuar
175 3063 299 3129 uirtute
317 3060 456 3128 mirabili
473 3064 693 3148 conseruauit,
710 3069 742 3128 et
758 3063 851 3129 nobis
867 3061 1007 3128 restituit
1031 3079 1071 3126 ea
1094 3058 1176 3127 hora

33 3225 35 3246 ,
69 3171 95 3228 et
107 3185 139 3232 eo
152 3169 299 3252 termino,
318 3187 383 3252 quo
400 3189 458 3253 per
476 3171 578 3256 ipsius
594 3169 693 3237 castri
709 3171 997 3238 conseruacionem
1022 3169 1176 3254 inponere

68 3271 208 3354 potuimus
223 3275 341 3343 {elices
358 3275 463 3343 exitus
479 3275 627 3362 negooijs
643 3277 749 3362 Regni
773 3275 886 3344 nostri.
925 3275 988 3341 Pro
1004 3274 1070 3360 hijs
1096 3293 1175 3342 nero

67 3381 94 3442 ct
104 3379 172 3464 aiijs
188 3382 367 3450 innumeris
383 3382 562 3450 uirtutibus
577 3385 725 3451 uolentes
740 3384 845 3468 ipsum
862 3382 1022 3450 Comitem
1038 3381 1173 3450 Michae-

53 3481 119 3552 .lem
133 3487 288 3574 insignire
305 3491 485 3575 Regalibus
502 3489 679 3579 donatinis,
711 3492 875 3577 quandam
906 3497 1026 3558 terram
1061 3492 1176 3576 Noueg

64 3601 195 3662 -roestam
211 3597 246 3664 in
263 3598 426 3664 Comitatn
443 3597 657 3685 Supruniensi
674 3600 875 3685 existentem,
892 3619 1029 3668 uacuam
1046 3600 1176 3685 penitus

69 3703 95 3764 et
106 3699 337 3773 habitatoribus
354 3703 551 3794 destitutam,
583 3714 680 3794 prout
709 3706 822 3776 fideles
854 3707 959 3775 nostri
990 3703 1175 3791 Capitulum

33 3817 36 3888 ι
63 3803 159 3876 Gastri
173 3812 297 3900 Ferrei,
328 3813 445 3897 quibua
460 3815 521 3882 hoc
539 3815 726 3902 specialiter
742 3813 958 3882 dederamus
949 3835 984 3880 ιιι
1000 3811 1173 3911 mandatis,

33 3925 35 3962 t
65 3911 145 3980 nolis
159 3917 405 4003 rescripserunt,
439 3919 543 3988 eidem
560 3919 678 3988 Comiti
694 3921 855 4006 Michaeli,
888 3926 920 3987 et
936 3939 994 4006 per
1011 3937 1082 3986 eum
1106 3919 1174 3986 suis

65 4014 221 4090 heredibus
238 4025 458 4110 heredumque
483 4027 724 4096 successoribus
752 4027 901 4095 dommus
932 4025 1173 4114 conserendam,

64 4121 121 4192 ime
133 4139 290 4216 perpetuo
306 4131 562 4200 irreuooabiliter
577 4134 818 4224 possidendam,
836 4135 892 4203 et
883 4155 988 4220 upsum
1005 4136 1038 4202 in
1051 4153 1175 4219 posses·

63 4228 169 4301 tionem
185 4237 274 4304 dicte
289 4246 377 4306 terre
392 4240 481 4306 nullo
507 4241 756 4330 contradicente,
789 4243 980 4311 conuocatis
1005 4248 1176 4309 commeta-

62 4337 121 4405 noia
136 4347 166 4407 et
179 4342 308 4431 ricinis,
325 4364 382 4430 per
392 4348 574 4416 iohannem
586 4350 742 4418 Comitem
753 4349 1007 4437 Supruniensem
1019 4352 1174 4418 dilectum

50 4449 91 4508 et
104 4446 225 4514 fidelem
244 4457 397 4534 nostrum,
424 4455 532 4521 siout
524 4477 558 4522 ιιι
575 4457 709 4524 Comitis
727 4464 759 4523 et
773 4457 916 4544 Capituli
931 4457 1051 4524 litteris
1068 4459 1175 4543 predi·

60 4553 167 4620 otomm
184 4555 353 4626 euidenter
370 4563 594 4648 comperimus,
609 4564 744 4633 fecimus
767 4562 939 4632 introduci.
979 4565 1077 4633 Cuius
1109 4570 1177 4652 qui·

33 4579 123 5074 Γι
138 4668 222 4730 terre
240 4671 335 4753 mete,
367 4671 486 4754 prout
478 4691 509 4737 ιιι
526 4671 670 4740 ciusdem
687 4673 804 4741 litteris
820 4673 961 4760 Capituli
988 4676 1175 4761 expressius
