3190 5190
826 309 985 407 AL

343 504 468 573 comite
483 503 686 588 Zaladiensi‚
712 502 838 570 Jacobo
870 501 994 568 Comite
1025 502 1203 586 Nytriensi‚
1219 508 1251 570 ct
1265 503 1341 572 aliis
1372 523 1474 588 qnam

338 612 487 698 pluribus
504 611 684 678 Comitatus
700 611 805 695 Regni
823 610 1009 677 tenentibus
1027 617 1059 677 et
1075 610 1228 678 honores.

428 809 591 872 (Thaletica,
609 809 735 858 bionum.
754 809 820 859 hist.
839 808 931 872 Epire.
952 807 1146 872 Zagrabiensis
1164 807 1188 857 Ι.
1208 808 1268 858 tot.
1291 813 1350 859 171.
1365 811 1396 873 l.)

769 1093 1034 1102 *—

873 1617 925 1689 93.

336 1821 397 1886 IV.
412 1821 529 1886 Lo'ssld
544 1820 725 1906 kirdlycolc
744 1820 900 1884 Zaoo'ralco
917 1821 1073 1907 helyaepet
1098 1823 1254 1906 ta'rppuao'
1278 1822 1466 1910 adoardcya

356 1935 363 1948 “
438 2004 442 2010 ¹
549 1925 704 1993 Salomon
719 1925 954 2009 Gdboraolcfio
969 1931 1125 1993 camora.
1149 1928 1246 1995 1274.

442 2121 619 2188 Ladinlans
652 2121 714 2186 Dei
745 2122 859 2206 gracia
899 2122 1056 2208 Vngaric,
1097 2122 1277 2206 Dalmacie,
1313 2125 1460 2215 Orcacie,

334 2230 447 2307 Rama,
466 2227 588 2310 Seruio,
623 2227 773 2313 Gallicic,
803 2228 1008 2316 Lodcmerie‚
1040 2227 1209 2312 Cumanie,
1242 2228 1464 2319 Balgarieque

334 2337 405 2404 Rex
422 2333 569 2401 omnibns
584 2339 652 2400 tam
667 2334 870 2418 presentibus
904 2357 1002 2421 qnam
1019 2335 1135 2403 futuris
1152 2343 1320 2421 presentes
1337 2339 1463 2410 litteras

333 2441 527 2529 inspecturis
543 2443 683 2508 salntem
698 2442 732 2507 in
748 2461 796 2528 eo,
813 2443 867 2527 qui
884 2452 1028 2512 eternam
1049 2447 1184 2512 salntem
1215 2445 1358 2530 Regibus
1380 2449 1464 2516 elar-

334 2549 431 2632 gitur.
449 2550 491 2616 vt
524 2547 720 2615 collusiones
746 2547 931 2635 Principum
952 2557 1107 2638 perpetue
1122 2548 1295 2619 soliditatis
1312 2551 1464 2622 firmitate

335 2655 518 2743 fulciantur,
535 2654 780 2740 priuilegiorum
797 2655 902 2723 solent
917 2659 1095 2725 munimine
1112 2656 1312 2744 confirmari;
1336 2679 1465 2746 preser-

333 2764 392 2832 tim
423 2765 500 2847 qnia
515 2763 550 2829 id
565 2763 789 2831 inconcussum
816 2773 997 2852 permanet,
1013 2764 1101 2851 qnod
1117 2764 1220 2850 Regio
1236 2763 1334 2834 inerit
1352 2775 1460 2854 patro·

333 2872 417 2940 cinio
433 2871 671 2939 communitum.
689 2869 833 2938 Proinde
846 2870 888 2939 ad
904 2872 1127 2940 vniuersorum
1158 2879 1226 2940 tam
1257 2876 1462 2959 presencium

333 2999 432 3066 qnam
458 2979 637 3046 futurorum
652 2976 804 3044 noticiam
821 2978 970 3046 uolumus
986 2978 1160 3065 peruenire
1176 3004 1184 3043 ε
1202 2978 1288 3063 quod
1304 2981 1459 3052 Salomon

331 3087 419 3154 filins
435 3084 600 3153 Gabrielis
616 3085 722 3152 tidelis
739 3093 850 3154 noster
865 3084 910 3153 ad
919 3093 1064 3154 nostram
1074 3085 1235 3156 accedens
1245 3088 1465 3173 presenciam,
1593 3111 1594 3114 ¹

333 3194 498 3279 quandam
526 3200 645 3261 terram
678 3190 785 3262 Oastri
817 3193 859 3260 de
875 3193 950 3263 Aba
980 3193 1104 3279 Wynar
1133 3193 1282 3261 Zaranca
1307 3204 1458 3265 vocatam

334 3303 464 3371 anobis
480 3299 598 3388 patruit
619 3299 683 3368 sibi
715 3300 787 3367 dari
818 3299 966 3387 dicendo,
1000 3300 1138 3368 eandem
1168 3320 1307 3369 uacuam
1339 3322 1415 3370 esse
1431 3312 1466 3370 et

333 3409 605 3477 inhabitatoribus
627 3408 824 3478 destitutam.
846 3409 965 3475 Verum
981 3410 1059 3493 qnia
1076 3408 1170 3476 nobis
1187 3407 1228 3474 de
1243 3414 1329 3475 terra
1345 3411 1463 3477 eadem

332 3515 453 3584 ueritas
470 3536 534 3582 non
551 3516 739 3597 constabat;
763 3535 823 3583 noa
838 3515 961 3584 lactum
976 3523 1062 3584 terre
1080 3515 1225 3584 eiusdem
1250 3514 1464 3599 inquisicioni

332 3621 474 3710 Capituli
506 3622 677 3708 Agrionsis
709 3622 859 3692 duximus
885 3623 1158 3692 committendam.
1175 3620 1238 3700 Qui
1254 3623 1461 3709 postmodum

330 3731 424 3800 nobis
439 3731 601 3817 prefatam
617 3737 740 3798 terram
756 3751 829 3800 esso
844 3737 967 3798 terram
984 3731 1088 3800 castri
1115 3729 1290 3817 prenotati,
1321 3749 1462 3798 uacuam

329 3838 459 3924 penitus
491 3844 523 3910 et
536 3838 777 3907 habitatoribus
808 3836 1010 3925 destitutam,
1027 3845 1059 3906 et
1073 3837 1147 3906 vsui
1161 3839 1257 3906 udum
1279 3845 1462 3905 aratrorum

329 3943 544 4015 sufficientem
560 3946 615 4012 nel
645 3945 743 4031 paulo
774 3945 859 4032 plus,
876 3945 912 4011 in
928 3945 996 4012 suis
1025 3942 1142 4011 litteris
1173 3941 1376 4012 intimarunt.
1393 3947 1470 4014 Nos

328 4053 439 4137 itaquo
471 4051 616 4120 ciusdem
632 4051 815 4121 Salomonis
842 4052 995 4137 graciosa
1012 4050 1170 4134 obsequia
1186 4057 1218 4117 et
1234 4047 1346 4120 tidelia
1361 4054 1462 4120 serni·

329 4160 392 4251 cia,
412 4180 474 4246 que
506 4157 594 4228 idem
609 4181 630 4228 a
646 4159 847 4246 temporibus
877 4179 949 4245 sue
965 4159 1151 4244 iuuentutis,
1183 4155 1322 4243 primurn
1352 4158 1468 4228 kanis--

329 4268 403 4338 simi
432 4267 536 4355 patris
569 4269 671 4337 nostri
696 4269 796 4354 Regis
812 4268 860 4336 St.
877 4268 966 4336 clare
996 4263 1243 4350 recordacionis,
1261 4269 1294 4330 ct
1309 4283 1369 4351 per
1384 4285 1459 4332 ocn-

330 4396 468 4463 scquens
484 4374 604 4445 nostris
622 4375 822 4464 temporibus
839 4373 874 4442 in
891 4374 1032 4445 diuersis
1057 4371 1320 4460 expedicionibns
1351 4371 1466 4456 Regni

328 4484 442 4570 nostri,
461 4492 493 4553 ot
508 4484 694 4573 specialiter
725 4485 759 4552 in
775 4485 1024 4572 expugnaciona
1040 4482 1139 4551 castri
1155 4479 1349 4568 laoniensis,
1367 4480 1460 4563 quod

327 4609 387 4676 per
401 4589 597 4663 Teutonicos
628 4599 742 4662 contra
773 4597 917 4661 nostram
949 4591 1084 4676 Regiam
1116 4587 1323 4658 Maiestatem
1354 4587 1464 4654 conti·
