3160 5200
788 257 946 362 Q

302 457 398 526 dietis
414 457 466 524 vel
483 453 654 524 heredibus
670 453 862 539 eorundem3
887 453 1033 523 similiter
1058 454 1279 543 prenominati
1310 459 1433 526 Joban-

303 587 361 636 nes
377 574 409 636 et
424 564 602 634 Ladirleus
616 563 668 632 vel
684 559 823 630 heredes
840 581 949 630 eorum
965 562 1147 649 prediotam
1173 569 1294 632 terram
1322 584 1433 634 eorum

303 671 485 759 Zeiradatb,
515 673 545 740 si
560 668 752 739 venditione
767 669 929 738 voluerint
954 690 1127 756 exponere,
1159 691 1225 740 uon
1255 671 1336 757 alijs
1367 671 1434 739 nisi

302 780 449 869 predicto
466 777 584 848 comiti
599 777 661 845 Sur
692 783 725 844 et
754 776 825 843 eius
856 773 1031 846 heredibus
1061 778 1204 846 vendere
1232 786 1433 848 tenerentur.

304 886 376 956 Hoo
392 887 450 955 tali
466 891 580 955 tenore
596 887 767 952 verborum
784 884 817 950 in
843 882 957 952 eodem
989 884 1163 972 priuilegio
1194 893 1345 956 contento
1376 908 1435 975 per

304 1014 363 1064 noa
378 990 524 1082 perleoto
541 1001 573 1062 et
588 993 717 1082 releoto,
744 991 890 1077 utrisque
906 991 1055 1079 partibus
1071 992 1220 1080 exposito
1251 994 1436 1083 diligenter,

305 1101 388 1173 nihil
402 1101 612 1170 aduersitatis
628 1100 680 1168 vel
697 1101 938 1169 contrarietatis
953 1120 1013 1186 per
1023 1107 1297 1190 ubasquopartes
1311 1103 1434 1171 dietum

306 1210 368 1281 tuit
383 1207 557 1295 priuilegio
573 1205 747 1276 antedicto.
773 1207 890 1291 Itaque
905 1208 1021 1276 &mes
1036 1208 1211 1278 Ladirlans
1228 1217 1261 1280 et
1279 1211 1435 1279 Nieolaus

304 1317 465 1404 dixerunt,
480 1313 567 1399 quod
582 1313 732 1382 Killanus
749 1319 782 1380 et
797 1313 940 1384 Jaeobns
955 1313 1013 1401 filij
1030 1316 1094 1383 Sur
1109 1316 1321 1385 mediantem
1336 1319 1433 1386 huius

305 1432 392 1493 terre
407 1422 492 1490 Biha
509 1419 592 1508 ipsis
608 1421 835 1505 ignorantibus
851 1421 884 1489 iu
901 1441 1012 1490 eorum
1022 1421 1239 1508 preludioium
1249 1421 1433 1493 venditioni

306 1530 533 1616 exposuissent
547 1529 613 1597 iam
630 1526 768 1611 dudum;
792 1529 869 1596 item
885 1531 1000 1597 Petrus
1015 1529 1103 1598 tilius
1128 1529 1246 1599 Jaoobi
1277 1533 1338 1620 filij
1372 1534 1434 1600 Sur

305 1648 338 1709 et
351 1639 468 1707 iratres
486 1635 660 1706 eorundem
675 1636 832 1724 predictis
846 1637 924 1724 filijs
938 1637 1062 1705 lietbei
1078 1639 1261 1708 tabentibus
1272 1640 1435 1726 dixerunt,

307 1745 394 1834 quod
408 1746 473 1834 ipsi
489 1747 679 1832 ignorerent
693 1746 779 1813 bano
802 1745 1027 1814 vendicionem
1058 1743 1126 1822 iore
1156 1746 1290 1816 foetam.
1331 1749 1435 1834 Igitur

309 1853 425 1924 Gomes
441 1853 617 1924 budisslaus
633 1859 667 1922 et
680 1853 838 1923 Nioolaus
854 1854 1068 1923 exbibuerunt
1092 1861 1236 1924 tenorem
1268 1855 1433 1942 priuilegij

308 1961 411 2031 nostri
436 1963 638 2050 recognosei,
664 1962 785 2048 resepti
817 1961 862 2029 ad
892 1960 1080 2031 mandatum
1112 1960 1234 2031 domini
1267 1963 1369 2048 Regis
1402 1962 1432 2028 in

308 2068 448 2138 Camers
464 2070 602 2138 eoelesie
618 2076 736 2158 nostre,
756 2069 790 2137 in
806 2090 870 2156 quo
886 2067 948 2137 init
962 2077 1136 2157 repertum,
1159 2069 1248 2152 quod
1278 2069 1434 2138 Kilisnua

309 2185 342 2246 et
355 2177 499 2247 Jaoobus
513 2177 571 2264 filij
589 2177 724 2246 comitis
739 2176 802 2245 Sur
827 2175 1036 2248 medietetem
1067 2175 1240 2265 poroiouis,
1270 2197 1371 2262 quam
1400 2178 1434 2244 in

308 2290 397 2352 terra
412 2282 497 2352 nixa
513 2283 643 2353 nomine
657 2287 701 2354 ab
716 2283 798 2354 Iuan
814 2292 848 2353 et
863 2284 1020 2354 Ledislao
1035 2285 1115 2370 filiis
1131 2283 1299 2353 Abrabam
1315 2285 1350 2351 in
1360 2305 1435 2354 oon·

309 2391 472 2472 esmbium
488 2392 680 2480 babuerunt,
712 2400 842 2479 aparte
858 2392 1006 2461 orientali
1020 2394 1107 2462 ultra
1122 2411 1242 2477 aquom
1258 2393 1342 2462 Saar
1373 2391 1434 2459 exi-

309 2507 459 2579 stentem,
491 2518 564 2568 oum
581 2499 757 2569 medietate
773 2520 860 2586 aque
875 2501 958 2569 Saar
983 2508 1017 2568 et
1046 2500 1122 2587 alijs
1156 2498 1347 2568 utilitatibus
1377 2519 1433 2567 seu

308 2607 521 2696 pertiueneijs
537 2607 605 2677 suis
622 2609 755 2678 Matheo
770 2609 837 2676 filio
855 2607 949 2677 Sauli
964 2607 1007 2677 de
1023 2628 1143 2692 genere
1167 2609 1271 2677 Beate
1301 2609 1433 2694 Msynet

309 2735 369 2803 pro
386 2714 499 2782 deoem
514 2713 633 2784 merois
648 2715 883 2802 vendidissent,
914 2724 947 2784 et
962 2717 1105 2802 proeium
1121 2715 1263 2785 totaliter
1294 2713 1430 2801 reoepis-

310 2828 393 2891 sent.
416 2820 489 2890 Hoo
504 2821 561 2888 teli
579 2828 691 2891 tenore
716 2822 858 2910 perlecto
891 2831 924 2891 et
953 2822 1084 2909 relecto,
1115 2831 1148 2893 et
1176 2823 1326 2912 partibus
1358 2823 1429 2892 dato

309 2929 454 3016 intellegi
470 2929 655 3016 diligenter,
672 2930 723 3000 ‚sd
740 2929 801 2998 beo
816 2932 978 3018 prenotati
993 2929 1146 3000 Kiliauus
1162 2937 1194 2998 et
1209 2931 1341 3016 Petrus,
1371 2931 1432 2997 ira·
1564 2983 1566 3046 ε

311 3047 441 3123 tresque
457 3040 598 3125 ipsorum
614 3037 849 3126 responderunt
863 3040 926 3108 hoo
940 3039 1035 3126 idem,
1054 3040 1139 3125 quod
1148 3038 1263 3108 Petrus
1276 3061 1284 3122 ;
1298 3037 1433 3106 dieendo
1565 3115 1566 3132 2

312 3146 397 3216 liano
412 3148 636 3217 vendicionem
653 3167 689 3216 se
706 3148 850 3232 neseire;
872 3146 1029 3235 prediotis
1044 3149 1120 3234 filijs
1135 3147 1258 3216 llatlrei
1274 3147 1334 3233 filij
1347 3142 1448 3213 Sauli·
1564 3133 1566 3176 ²

311 3255 460 3325 similiter
475 3255 689 3326 retinentibus
705 3255 787 3326 siout
802 3257 864 3326 sui.
902 3255 1069 3341 Siquidem
1084 3255 1127 3324 ad
1157 3256 1278 3324 iustam
1303 3253 1436 3341 peticio·

311 3381 386 3430 nem
398 3364 566 3452 utriusque
575 3365 680 3452 pertis
690 3372 722 3432 et
738 3364 1034 3452 prenominatorum
1049 3364 1242 3433 arbitrorum
1256 3359 1437 3449 predictum

312 3468 522 3558 priuilegium
538 3479 679 3541 nostrum
696 3472 730 3540 in
745 3493 875 3540 oamera
891 3472 1038 3540 Eoolesie
1054 3479 1163 3540 nostre
1188 3470 1233 3538 ad
1256 3469 1437 3538 uberiorem

265 3645 269 3652 .
313 3579 490 3665 testimonij
522 3581 683 3650 oautelnm
714 3580 851 3650 fecimus
884 3580 1012 3669 requiri,
1045 3589 1079 3647 et
1093 3579 1260 3648 inuentum
1287 3578 1436 3665 partibus

314 3687 455 3774 utrisque
472 3696 505 3757 et
519 3689 768 3758 arbitratoribus
786 3689 916 3777 publioe
933 3689 1113 3776 presentari
1129 3695 1162 3756 et
1176 3687 1307 3775 perlegi
1323 3685 1432 3754 distin·

313 3803 364 3864 ete
380 3802 413 3864 et
428 3802 550 3882 aperte.
594 3797 629 3865 ln
647 3818 710 3881 quo
725 3798 853 3884 quidem
870 3798 1039 3885 priuilegio
1054 3797 1181 3883 liquido
1198 3802 1248 3865 eat
1264 3803 1435 3882 repertum,

314 3903 401 3988 quod
416 3902 569 3972 Killanus
584 3910 617 3973 et
630 3905 773 3979 Jaoobus
787 3905 846 3992 filij
864 3905 999 3974 Comitis
1016 3907 1079 3972 Sur
1093 3903 1303 3974 medietatem
1319 3900 1435 3990 peroio

313 4013 364 4080 nis
381 4012 414 4079 in
430 4019 517 4081 terra
531 4011 629 4101 Bila,
659 4032 756 4098 quam
773 4013 886 4101 afilijs
900 4012 1065 4084 Abrabam
1090 4013 1272 4081 habuerant
1302 4011 1338 4079 in
1368 4029 1436 4078 eon·

315 4120 487 4208 cambium,
518 4126 647 4208 aperte
664 4121 816 4190 orientali
848 4123 932 4190 ultra
964 4141 1086 4205 aquam
1117 4123 1202 4191 Sasr
1233 4120 1434 4200 existentem,

316 4249 388 4298 enm
405 4229 579 4300 medietate
595 4251 680 4315 eque
695 4231 786 4319 Saar,
817 4237 849 4300 et
865 4231 941 4317 alijs
958 4231 1152 4300 vtilitatibus
1169 4237 1202 4298 et
1217 4229 1435 4317 peninon-ijs,

315 4337 444 4407 Matheo
461 4339 529 4407 filio
545 4338 635 4407 Sauli
652 4360 710 4426 pro
727 4339 837 4409 deoem
853 4341 971 4409 merois
988 4337 1223 4424 vendidissent,
1247 4344 1280 4407 ot
1295 4335 1434 4425 precium

316 4447 459 4516 totaliter
475 4447 682 4535 reoepirsent.
722 4447 904 4536 Suprsdieti
921 4469 999 4518 vero
1016 4448 1170 4517 Kilianus
1186 4455 1219 4516 et
1234 4447 1338 4514 irater
1353 4461 1434 4528 suus,

316 4555 395 4625 item
411 4555 525 4625 Petrus
543 4565 573 4625 et
590 4556 707 4626 iratres
723 4559 773 4626 sui
789 4556 848 4645 filij
866 4557 982 4627 Jacobi
999 4557 1189 4644 interrogati
1213 4578 1272 4646 per
1302 4558 1432 4625 arbitros
