<?xml version="1.0" encoding="UTF-8"?>
<!DOCTYPE html PUBLIC "-//W3C//DTD XHTML 1.0 Transitional//EN"
    "http://www.w3.org/TR/xhtml1/DTD/xhtml1-transitional.dtd">
<html xmlns="http://www.w3.org/1999/xhtml" xml:lang="en" lang="en">
 <head>
  <title>
</title>
<meta http-equiv="Content-Type" content="text/html;charset=utf-8" />
  <meta name='ocr-system' content='tesseract 3.04.00' />
  <meta name='ocr-capabilities' content='ocr_page ocr_carea ocr_par ocr_line ocrx_word'/>
</head>
<body>
  <div class='ocr_page' id='page_1' title='image "./codexdiplomatic00wenzgoog_0323.png"; bbox 0 0 3096 5202; ppageno 0'>
   <div class='ocr_carea' id='block_1_1' title="bbox 665 1021 739 1090">
    <p class='ocr_par' dir='ltr' id='par_1_1' title="bbox 665 1021 739 1090">
     <span class='ocr_line' id='line_1_1' title="bbox 665 1021 739 1090; baseline 0.027 -2"><span class='ocrx_word' id='word_1_1' title='bbox 665 1021 739 1090; x_wconf 77' lang='grc'><strong>236.</strong></span> 
     </span>
    </p>
   </div>
   <div class='ocr_carea' id='block_1_2' title="bbox 128 1219 1270 1416">
    <p class='ocr_par' dir='ltr' id='par_1_2' title="bbox 128 1219 1270 1416">
     <span class='ocr_line' id='line_1_2' title="bbox 128 1219 1270 1309; baseline 0.002 -25"><span class='ocrx_word' id='word_1_2' title='bbox 128 1220 170 1285; x_wconf 83' lang='grc' dir='ltr'><strong>Η.</strong></span> <span class='ocrx_word' id='word_1_3' title='bbox 186 1221 323 1307; x_wconf 74' lang='lat' dir='ltr'><strong>kircilyu&#39;</strong></span> <span class='ocrx_word' id='word_1_4' title='bbox 333 1221 600 1309; x_wconf 76' lang='lat' dir='ltr'><strong>sttloodaameator·</strong></span> <span class='ocrx_word' id='word_1_5' title='bbox 617 1223 805 1304; x_wconf 60' lang='lat' dir='ltr'><strong>morosouyi</strong></span> <span class='ocrx_word' id='word_1_6' title='bbox 827 1219 972 1306; x_wconf 74' lang='lat' dir='ltr'><strong>frtiapu&#39;o</strong></span> <span class='ocrx_word' id='word_1_7' title='bbox 1003 1221 1211 1306; x_wconf 77' lang='lat' dir='ltr'><strong>saobu&#39;iyoazo</strong></span> <span class='ocrx_word' id='word_1_8' title='bbox 1242 1244 1270 1286; x_wconf 56' lang='lat' dir='ltr'><strong>a&gt;</strong></span> 
     </span>
     <span class='ocr_line' id='line_1_3' title="bbox 208 1328 1169 1416; baseline -0.002 -22"><span class='ocrx_word' id='word_1_9' title='bbox 208 1329 329 1394; x_wconf 66' lang='lat' dir='ltr'><strong>Letum</strong></span> <span class='ocrx_word' id='word_1_10' title='bbox 339 1328 461 1416; x_wconf 75' lang='lat' dir='ltr'><strong>solyo&#39;n</strong></span> <span class='ocrx_word' id='word_1_11' title='bbox 477 1329 544 1394; x_wconf 73' lang='lat' dir='ltr'><strong>Isou</strong></span> <span class='ocrx_word' id='word_1_12' title='bbox 560 1329 764 1394; x_wconf 75' lang='lat' dir='ltr'><strong>uralnuouaak</strong></span> <span class='ocrx_word' id='word_1_13' title='bbox 780 1329 879 1396; x_wconf 77' lang='lat' dir='ltr'><strong>iirle&#39;so&#39;</strong></span> <span class='ocrx_word' id='word_1_14' title='bbox 896 1329 1044 1396; x_wconf 74' lang='lat' dir='ltr'><strong>illeseke‘o.</strong></span> <span class='ocrx_word' id='word_1_15' title='bbox 1070 1333 1169 1396; x_wconf 80' lang='lat'><em>1279.</em></span> 
     </span>
    </p>
   </div>
   <div class='ocr_carea' id='block_1_3' title="bbox 235 1523 1260 1610">
    <p class='ocr_par' dir='ltr' id='par_1_3' title="bbox 235 1523 1260 1610">
     <span class='ocr_line' id='line_1_4' title="bbox 235 1523 1260 1610; baseline 0.001 -20"><span class='ocrx_word' id='word_1_16' title='bbox 235 1523 309 1592; x_wconf 89' lang='lat' dir='ltr'><strong>Nos</strong></span> <span class='ocrx_word' id='word_1_17' title='bbox 328 1523 370 1590; x_wconf 88' lang='grc' dir='ltr'><strong>Η.</strong></span> <span class='ocrx_word' id='word_1_18' title='bbox 386 1525 542 1608; x_wconf 83' lang='lat' dir='ltr'><strong>Magister</strong></span> <span class='ocrx_word' id='word_1_19' title='bbox 573 1529 761 1610; x_wconf 85' lang='lat' dir='ltr'><strong>Agasonum</strong></span> <span class='ocrx_word' id='word_1_20' title='bbox 794 1523 917 1590; x_wconf 92' lang='lat' dir='ltr'><strong>domini</strong></span> <span class='ocrx_word' id='word_1_21' title='bbox 949 1523 1049 1608; x_wconf 85' lang='lat' dir='ltr'><strong>Regis</strong></span> <span class='ocrx_word' id='word_1_22' title='bbox 1082 1529 1113 1591; x_wconf 87' lang='lat' dir='ltr'><strong>ot</strong></span> <span class='ocrx_word' id='word_1_23' title='bbox 1144 1523 1260 1591; x_wconf 81' lang='lat' dir='ltr'><strong>Comes</strong></span> 
     </span>
    </p>
   </div>
   <div class='ocr_carea' id='block_1_4' title="bbox 0 1630 1263 1718">
    <p class='ocr_par' dir='ltr' id='par_1_4' title="bbox 0 1630 1263 1718">
     <span class='ocr_line' id='line_1_5' title="bbox 0 1630 1263 1718; baseline -0.002 -18"><span class='ocrx_word' id='word_1_24' title='bbox 0 1635 1 1654; x_wconf 65' lang='lat'>¹</span> <span class='ocrx_word' id='word_1_25' title='bbox 128 1631 356 1700; x_wconf 79' lang='lat' dir='ltr'><strong>Musuniensis</strong></span> <span class='ocrx_word' id='word_1_26' title='bbox 372 1631 592 1718; x_wconf 83' lang='lat' dir='ltr'><strong>signifieamus</strong></span> <span class='ocrx_word' id='word_1_27' title='bbox 608 1631 772 1700; x_wconf 82' lang='lat' dir='ltr'><strong>uniuersis</strong></span> <span class='ocrx_word' id='word_1_28' title='bbox 805 1631 922 1714; x_wconf 88' lang='lat' dir='ltr'><strong>quibus</strong></span> <span class='ocrx_word' id='word_1_29' title='bbox 955 1630 1146 1718; x_wconf 87' lang='lat' dir='ltr'><strong>expedierit,</strong></span> <span class='ocrx_word' id='word_1_30' title='bbox 1177 1632 1263 1714; x_wconf 89' lang='lat' dir='ltr'><strong>quod</strong></span> 
     </span>
    </p>
   </div>
   <div class='ocr_carea' id='block_1_5' title="bbox 70 1729 1262 1932">
    <p class='ocr_par' dir='ltr' id='par_1_5' title="bbox 70 1729 1262 1932">
     <span class='ocr_line' id='line_1_6' title="bbox 129 1729 1262 1824; baseline 0.002 -20"><span class='ocrx_word' id='word_1_31' title='bbox 129 1729 242 1804; x_wconf 80' lang='lat' dir='ltr'><strong>Comes</strong></span> <span class='ocrx_word' id='word_1_32' title='bbox 260 1737 466 1806; x_wconf 84' lang='lat' dir='ltr'><strong>Chorrardus</strong></span> <span class='ocrx_word' id='word_1_33' title='bbox 483 1758 555 1804; x_wconf 92' lang='lat' dir='ltr'><strong>eum</strong></span> <span class='ocrx_word' id='word_1_34' title='bbox 572 1744 641 1806; x_wconf 83' lang='lat' dir='ltr'><strong>tota</strong></span> <span class='ocrx_word' id='word_1_35' title='bbox 657 1737 827 1822; x_wconf 78' lang='lat' dir='ltr'><strong>prouincia</strong></span> <span class='ocrx_word' id='word_1_36' title='bbox 843 1757 951 1804; x_wconf 84' lang='lat' dir='ltr'><strong>eoram</strong></span> <span class='ocrx_word' id='word_1_37' title='bbox 969 1737 1061 1805; x_wconf 88' lang='lat' dir='ltr'><strong>nobis</strong></span> <span class='ocrx_word' id='word_1_38' title='bbox 1087 1756 1262 1824; x_wconf 87' lang='lat' dir='ltr'><strong>proponen-</strong></span> 
     </span>
     <span class='ocr_line' id='line_1_7' title="bbox 70 1838 1262 1932; baseline 0.002 -22"><span class='ocrx_word' id='word_1_39' title='bbox 70 1911 75 1918; x_wconf 72' lang='grc'><em>,</em></span> <span class='ocrx_word' id='word_1_40' title='bbox 128 1846 176 1912; x_wconf 82' lang='lat' dir='ltr'><strong>tes</strong></span> <span class='ocrx_word' id='word_1_41' title='bbox 192 1851 312 1912; x_wconf 87' lang='lat' dir='ltr'><strong>eontra</strong></span> <span class='ocrx_word' id='word_1_42' title='bbox 329 1844 583 1913; x_wconf 87' lang='lat' dir='ltr'><strong>molendinarios</strong></span> <span class='ocrx_word' id='word_1_43' title='bbox 601 1845 633 1912; x_wconf 89' lang='lat' dir='ltr'><strong>in</strong></span> <span class='ocrx_word' id='word_1_44' title='bbox 649 1843 747 1911; x_wconf 89' lang='lat' dir='ltr'><strong>fluuio</strong></span> <span class='ocrx_word' id='word_1_45' title='bbox 764 1846 846 1912; x_wconf 84' lang='lat' dir='ltr'><strong>Soar</strong></span> <span class='ocrx_word' id='word_1_46' title='bbox 862 1865 960 1932; x_wconf 83' lang='lat' dir='ltr'><strong>supra</strong></span> <span class='ocrx_word' id='word_1_47' title='bbox 988 1838 1169 1914; x_wconf 85' lang='lat' dir='ltr'><strong>Musonium</strong></span> <span class='ocrx_word' id='word_1_48' title='bbox 1196 1846 1262 1913; x_wconf 84' lang='lat' dir='ltr'><strong>exi·</strong></span> 
     </span>
    </p>
   </div>
   <div class='ocr_carea' id='block_1_6' title="bbox 0 1952 1262 2040">
    <p class='ocr_par' dir='ltr' id='par_1_6' title="bbox 0 1952 1262 2040">
     <span class='ocr_line' id='line_1_8' title="bbox 0 1952 1262 2040; baseline 0.006 -28"><span class='ocrx_word' id='word_1_49' title='bbox 0 2001 1 2012; x_wconf 70' lang='grc'>,</span> <span class='ocrx_word' id='word_1_50' title='bbox 128 1956 262 2038; x_wconf 83' lang='lat' dir='ltr'><strong>utentes,</strong></span> <span class='ocrx_word' id='word_1_51' title='bbox 298 1953 388 2037; x_wconf 90' lang='lat' dir='ltr'><strong>quod</strong></span> <span class='ocrx_word' id='word_1_52' title='bbox 405 1953 446 2019; x_wconf 86' lang='lat' dir='ltr'><strong>de</strong></span> <span class='ocrx_word' id='word_1_53' title='bbox 463 1953 544 2040; x_wconf 85' lang='lat' dir='ltr'><strong>ipsis</strong></span> <span class='ocrx_word' id='word_1_54' title='bbox 560 1952 754 2020; x_wconf 78' lang='lat' dir='ltr'>molendinis</span> <span class='ocrx_word' id='word_1_55' title='bbox 771 1961 836 2020; x_wconf 87' lang='lat' dir='ltr'><strong>tam</strong></span> <span class='ocrx_word' id='word_1_56' title='bbox 855 1952 965 2040; x_wconf 89' lang='lat' dir='ltr'><strong>populi</strong></span> <span class='ocrx_word' id='word_1_57' title='bbox 982 1953 1033 2020; x_wconf 84' lang='lat' dir='ltr'><strong>eui</strong></span> <span class='ocrx_word' id='word_1_58' title='bbox 1065 1973 1160 2038; x_wconf 88' lang='lat' dir='ltr'><strong>quam</strong></span> <span class='ocrx_word' id='word_1_59' title='bbox 1192 1961 1262 2020; x_wconf 89' lang='lat' dir='ltr'><strong>tota</strong></span> 
     </span>
    </p>
   </div>
   <div class='ocr_carea' id='block_1_7' title="bbox 128 2057 1262 2684">
    <p class='ocr_par' dir='ltr' id='par_1_7' title="bbox 128 2057 1262 2684">
     <span class='ocr_line' id='line_1_9' title="bbox 129 2057 1260 2146; baseline 0.004 -20"><span class='ocrx_word' id='word_1_60' title='bbox 129 2057 302 2144; x_wconf 77' lang='lat' dir='ltr'><strong>prouincia</strong></span> <span class='ocrx_word' id='word_1_61' title='bbox 318 2080 474 2146; x_wconf 83' lang='lat' dir='ltr'><strong>maguum</strong></span> <span class='ocrx_word' id='word_1_62' title='bbox 492 2061 667 2146; x_wconf 85' lang='lat' dir='ltr'><strong>dampnum</strong></span> <span class='ocrx_word' id='word_1_63' title='bbox 686 2061 774 2146; x_wconf 86' lang='lat' dir='ltr'><strong>passi</strong></span> <span class='ocrx_word' id='word_1_64' title='bbox 791 2059 979 2128; x_wconf 87' lang='lat' dir='ltr'><strong>fuissentin</strong></span> <span class='ocrx_word' id='word_1_65' title='bbox 998 2060 1109 2127; x_wconf 90' lang='lat' dir='ltr'><strong>iltioito</strong></span> <span class='ocrx_word' id='word_1_66' title='bbox 1140 2059 1260 2131; x_wconf 89' lang='lat' dir='ltr'><strong>tributo</strong></span> 
     </span>
     <span class='ocr_line' id='line_1_10' title="bbox 128 2167 1259 2254; baseline 0.003 -22"><span class='ocrx_word' id='word_1_67' title='bbox 128 2167 323 2252; x_wconf 82' lang='lat' dir='ltr'><strong>recipiendo</strong></span> <span class='ocrx_word' id='word_1_68' title='bbox 340 2169 382 2234; x_wconf 90' lang='lat' dir='ltr'><strong>de</strong></span> <span class='ocrx_word' id='word_1_69' title='bbox 398 2168 544 2252; x_wconf 79' lang='lat' dir='ltr'>frugibus</span> <span class='ocrx_word' id='word_1_70' title='bbox 561 2169 704 2254; x_wconf 87' lang='lat' dir='ltr'><strong>ipsorum</strong></span> <span class='ocrx_word' id='word_1_71' title='bbox 721 2189 779 2236; x_wconf 86' lang='lat' dir='ltr'><strong>seu</strong></span> <span class='ocrx_word' id='word_1_72' title='bbox 795 2168 827 2234; x_wconf 89' lang='lat' dir='ltr'><strong>in</strong></span> <span class='ocrx_word' id='word_1_73' title='bbox 845 2168 962 2253; x_wconf 78' lang='lat' dir='ltr'><strong>surina,</strong></span> <span class='ocrx_word' id='word_1_74' title='bbox 978 2168 1065 2254; x_wconf 88' lang='lat' dir='ltr'><strong>quod</strong></span> <span class='ocrx_word' id='word_1_75' title='bbox 1081 2169 1165 2254; x_wconf 86' lang='lat' dir='ltr'><strong>wigo</strong></span> <span class='ocrx_word' id='word_1_76' title='bbox 1181 2169 1259 2253; x_wconf 90' lang='lat' dir='ltr'><strong>pod-</strong></span> 
     </span>
     <span class='ocr_line' id='line_1_11' title="bbox 129 2268 1259 2362; baseline 0.004 -22"><span class='ocrx_word' id='word_1_77' title='bbox 129 2268 192 2360; x_wconf 85' lang='lat' dir='ltr'><strong>iyst</strong></span> <span class='ocrx_word' id='word_1_78' title='bbox 207 2273 354 2358; x_wconf 78' lang='lat' dir='ltr'><strong>dieitur3</strong></span> <span class='ocrx_word' id='word_1_79' title='bbox 378 2271 462 2342; x_wconf 83' lang='lat' dir='ltr'><strong>unde</strong></span> <span class='ocrx_word' id='word_1_80' title='bbox 479 2272 550 2360; x_wconf 88' lang='lat' dir='ltr'><strong>pari</strong></span> <span class='ocrx_word' id='word_1_81' title='bbox 570 2275 739 2343; x_wconf 87' lang='lat' dir='ltr'><strong>uoluntate</strong></span> <span class='ocrx_word' id='word_1_82' title='bbox 755 2282 864 2343; x_wconf 84' lang='lat' dir='ltr'><strong>nostro</strong></span> <span class='ocrx_word' id='word_1_83' title='bbox 881 2275 1016 2343; x_wconf 87' lang='lat' dir='ltr'><strong>arbitrio</strong></span> <span class='ocrx_word' id='word_1_84' title='bbox 1032 2284 1259 2362; x_wconf 78' lang='lat' dir='ltr'><strong>exposuerant,</strong></span> 
     </span>
     <span class='ocr_line' id='line_1_12' title="bbox 128 2380 1262 2470; baseline 0.004 -24"><span class='ocrx_word' id='word_1_85' title='bbox 128 2380 391 2466; x_wconf 78' lang='lat' dir='ltr'>componendam</span> <span class='ocrx_word' id='word_1_86' title='bbox 410 2404 541 2451; x_wconf 85' lang='lat' dir='ltr'><strong>eausam</strong></span> <span class='ocrx_word' id='word_1_87' title='bbox 559 2383 685 2452; x_wconf 86' lang='lat' dir='ltr'><strong>eoilioet</strong></span> <span class='ocrx_word' id='word_1_88' title='bbox 700 2382 920 2470; x_wconf 76' lang='lat' dir='ltr'><strong>supradictam</strong></span> <span class='ocrx_word' id='word_1_89' title='bbox 938 2407 945 2450; x_wconf 91' lang='lat'><strong>:</strong></span> <span class='ocrx_word' id='word_1_90' title='bbox 963 2383 1203 2468; x_wconf 79' lang='lat' dir='ltr'><strong>composuimus</strong></span> <span class='ocrx_word' id='word_1_91' title='bbox 1229 2391 1262 2451; x_wconf 86' lang='lat' dir='ltr'><strong>et</strong></span> 
     </span>
     <span class='ocr_line' id='line_1_13' title="bbox 129 2488 1259 2578; baseline 0.003 -25"><span class='ocrx_word' id='word_1_92' title='bbox 129 2488 328 2558; x_wconf 77' lang='lat' dir='ltr'><strong>instituimus</strong></span> <span class='ocrx_word' id='word_1_93' title='bbox 343 2491 377 2556; x_wconf 91' lang='lat' dir='ltr'><strong>in</strong></span> <span class='ocrx_word' id='word_1_94' title='bbox 395 2491 479 2558; x_wconf 89' lang='lat' dir='ltr'><strong>huno</strong></span> <span class='ocrx_word' id='word_1_95' title='bbox 495 2491 623 2558; x_wconf 90' lang='lat' dir='ltr'><strong>modum</strong></span> <span class='ocrx_word' id='word_1_96' title='bbox 642 2517 648 2556; x_wconf 94' lang='lat'><strong>:</strong></span> <span class='ocrx_word' id='word_1_97' title='bbox 667 2491 761 2568; x_wconf 79' lang='lat' dir='ltr'><strong>Quod</strong></span> <span class='ocrx_word' id='word_1_98' title='bbox 778 2509 850 2557; x_wconf 89' lang='lat' dir='ltr'><strong>oum</strong></span> <span class='ocrx_word' id='word_1_99' title='bbox 881 2496 1017 2557; x_wconf 81' lang='lat' dir='ltr'><strong>metreta</strong></span> <span class='ocrx_word' id='word_1_100' title='bbox 1048 2489 1259 2578; x_wconf 83' lang='lat' dir='ltr'><strong>Musunieusi,</strong></span> 
     </span>
     <span class='ocr_line' id='line_1_14' title="bbox 129 2595 1259 2684; baseline 0.004 -23"><span class='ocrx_word' id='word_1_101' title='bbox 129 2602 194 2662; x_wconf 88' lang='lat' dir='ltr'><strong>tum</strong></span> <span class='ocrx_word' id='word_1_102' title='bbox 211 2595 304 2664; x_wconf 83' lang='lat' dir='ltr'><strong>iusta</strong></span> <span class='ocrx_word' id='word_1_103' title='bbox 320 2602 466 2684; x_wconf 84' lang='lat' dir='ltr'><strong>metreta,</strong></span> <span class='ocrx_word' id='word_1_104' title='bbox 494 2597 652 2666; x_wconf 76' lang='lat' dir='ltr'><strong>decimam</strong></span> <span class='ocrx_word' id='word_1_105' title='bbox 669 2603 838 2664; x_wconf 89' lang='lat' dir='ltr'><strong>metretam</strong></span> <span class='ocrx_word' id='word_1_106' title='bbox 854 2598 934 2664; x_wconf 86' lang='lat' dir='ltr'><strong>dare</strong></span> <span class='ocrx_word' id='word_1_107' title='bbox 949 2604 1128 2684; x_wconf 81' lang='lat' dir='ltr'><strong>terreantur,</strong></span> <span class='ocrx_word' id='word_1_108' title='bbox 1154 2603 1185 2663; x_wconf 90' lang='lat' dir='ltr'><strong>et</strong></span> <span class='ocrx_word' id='word_1_109' title='bbox 1201 2619 1259 2684; x_wconf 83' lang='lat' dir='ltr'><strong>pro</strong></span> 
     </span>
    </p>
   </div>
   <div class='ocr_carea' id='block_1_8' title="bbox 11 2702 1261 2809">
    <p class='ocr_par' dir='ltr' id='par_1_8' title="bbox 11 2702 1261 2809">
     <span class='ocr_line' id='line_1_15' title="bbox 11 2702 1261 2809; baseline 0.006 -43"><span class='ocrx_word' id='word_1_110' title='bbox 11 2794 16 2803; x_wconf 35' lang='grc' dir='ltr'>Ι</span> <span class='ocrx_word' id='word_1_111' title='bbox 130 2702 249 2804; x_wconf 56' lang='lat' dir='ltr'><strong>farina</strong></span> <span class='ocrx_word' id='word_1_112' title='bbox 266 2705 357 2809; x_wconf 82' lang='lat' dir='ltr'><strong>quod</strong></span> <span class='ocrx_word' id='word_1_113' title='bbox 374 2705 461 2790; x_wconf 82' lang='lat' dir='ltr'><strong>wigo</strong></span> <span class='ocrx_word' id='word_1_114' title='bbox 477 2706 608 2792; x_wconf 78' lang='lat' dir='ltr'><strong>podlyst</strong></span> <span class='ocrx_word' id='word_1_115' title='bbox 624 2705 750 2793; x_wconf 86' lang='lat' dir='ltr'><strong>dieitur,</strong></span> <span class='ocrx_word' id='word_1_116' title='bbox 782 2707 823 2773; x_wconf 88' lang='lat' dir='ltr'><strong>de</strong></span> <span class='ocrx_word' id='word_1_117' title='bbox 839 2705 984 2790; x_wconf 86' lang='lat' dir='ltr'><strong>quolibet</strong></span> <span class='ocrx_word' id='word_1_118' title='bbox 1000 2725 1093 2774; x_wconf 88' lang='lat' dir='ltr'><strong>eurru</strong></span> <span class='ocrx_word' id='word_1_119' title='bbox 1109 2705 1190 2773; x_wconf 85' lang='lat' dir='ltr'><strong>duos</strong></span> <span class='ocrx_word' id='word_1_120' title='bbox 1206 2707 1261 2774; x_wconf 89' lang='lat' dir='ltr'><strong>de·</strong></span> 
     </span>
    </p>
   </div>
   <div class='ocr_carea' id='block_1_9' title="bbox 0 2053 3 3458">
    <p class='ocr_par' dir='ltr' id='par_1_9' title="bbox 0 2053 3 3458">
     <span class='ocr_line' id='line_1_16' title="bbox 0 2053 3 3458; baseline 0 0"><span class='ocrx_word' id='word_1_121' title='bbox 0 2053 3 3458; x_wconf 95' lang='lat' dir='ltr'><strong> </strong></span> 
     </span>
    </p>
   </div>
   <div class='ocr_carea' id='block_1_10' title="bbox 0 3997 2 4531">
    <p class='ocr_par' dir='ltr' id='par_1_10' title="bbox 0 3997 2 4531">
     <span class='ocr_line' id='line_1_17' title="bbox 0 3997 2 4531; baseline 0 0"><span class='ocrx_word' id='word_1_122' title='bbox 0 3997 2 4531; x_wconf 95' lang='lat' dir='ltr'><strong> </strong></span> 
     </span>
    </p>
   </div>
   <div class='ocr_carea' id='block_1_11' title="bbox 125 2811 1260 3010">
    <p class='ocr_par' dir='ltr' id='par_1_11' title="bbox 125 2811 1260 3010">
     <span class='ocr_line' id='line_1_18' title="bbox 125 2811 1260 2902; baseline 0.004 -26"><span class='ocrx_word' id='word_1_123' title='bbox 125 2811 246 2902; x_wconf 30' lang='lat' dir='ltr'><strong>,uarios</strong></span> <span class='ocrx_word' id='word_1_124' title='bbox 271 2813 346 2879; x_wconf 90' lang='lat' dir='ltr'><strong>Hoe</strong></span> <span class='ocrx_word' id='word_1_125' title='bbox 361 2813 499 2895; x_wconf 79' lang='lat' dir='ltr'><strong>adiecto,</strong></span> <span class='ocrx_word' id='word_1_126' title='bbox 516 2815 569 2898; x_wconf 90' lang='lat' dir='ltr'><strong>qui</strong></span> <span class='ocrx_word' id='word_1_127' title='bbox 585 2815 708 2882; x_wconf 86' lang='lat' dir='ltr'><strong>dietum</strong></span> <span class='ocrx_word' id='word_1_128' title='bbox 719 2815 960 2883; x_wconf 78' lang='lat' dir='ltr'><strong>institue-ionem</strong></span> <span class='ocrx_word' id='word_1_129' title='bbox 973 2814 1161 2902; x_wconf 73' lang='lat' dir='ltr'><strong>excesserit,</strong></span> <span class='ocrx_word' id='word_1_130' title='bbox 1179 2813 1260 2883; x_wconf 85' lang='lat' dir='ltr'><strong>iudi-</strong></span> 
     </span>
     <span class='ocr_line' id='line_1_19' title="bbox 131 2918 1213 3010; baseline 0.009 -27"><span class='ocrx_word' id='word_1_131' title='bbox 131 2918 178 2987; x_wconf 91' lang='lat' dir='ltr'><strong>oio</strong></span> <span class='ocrx_word' id='word_1_132' title='bbox 193 2921 313 3008; x_wconf 83' lang='lat' dir='ltr'><strong>Regali</strong></span> <span class='ocrx_word' id='word_1_133' title='bbox 330 2920 593 3010; x_wconf 88' lang='lat' dir='ltr'><strong>eundempuetur.</strong></span> <span class='ocrx_word' id='word_1_134' title='bbox 617 2921 709 2989; x_wconf 80' lang='lat' dir='ltr'><strong>Auno</strong></span> <span class='ocrx_word' id='word_1_135' title='bbox 725 2923 856 2991; x_wconf 84' lang='lat' dir='ltr'><strong>Domini</strong></span> <span class='ocrx_word' id='word_1_136' title='bbox 872 2921 1104 2990; x_wconf 71' lang='lat' dir='ltr'><strong>M‘000LXX0</strong></span> <span class='ocrx_word' id='word_1_137' title='bbox 1120 2943 1213 2993; x_wconf 89' lang='lat' dir='ltr'><strong>nouo.</strong></span> 
     </span>
    </p>
   </div>
   <div class='ocr_carea' id='block_1_12' title="bbox 130 3115 1257 3278">
    <p class='ocr_par' dir='ltr' id='par_1_12' title="bbox 130 3115 1257 3278">
     <span class='ocr_line' id='line_1_20' title="bbox 130 3115 1257 3190; baseline 0.006 -21"><span class='ocrx_word' id='word_1_138' title='bbox 130 3115 270 3178; x_wconf 73' lang='lat' dir='ltr'><strong>(modetia</strong></span> <span class='ocrx_word' id='word_1_139' title='bbox 289 3119 470 3188; x_wconf 69' lang='lat' dir='ltr'><strong>borhtrtytm</strong></span> <span class='ocrx_word' id='word_1_140' title='bbox 502 3122 622 3188; x_wconf 80' lang='lat' dir='ltr'><strong>artiggo</strong></span> <span class='ocrx_word' id='word_1_141' title='bbox 642 3123 735 3186; x_wconf 75' lang='lat' dir='ltr'><strong>posset</strong></span> <span class='ocrx_word' id='word_1_142' title='bbox 752 3125 906 3188; x_wconf 81' lang='lat' dir='ltr'><strong>elveszett3</strong></span> <span class='ocrx_word' id='word_1_143' title='bbox 937 3139 955 3175; x_wconf 91' lang='lat' dir='ltr'><strong>a</strong></span> <span class='ocrx_word' id='word_1_144' title='bbox 984 3121 1156 3190; x_wconf 73' lang='lat' dir='ltr'><strong>meltoaigos</strong></span> <span class='ocrx_word' id='word_1_145' title='bbox 1188 3123 1257 3176; x_wconf 74' lang='lat' dir='ltr'><strong>barb</strong></span> 
     </span>
     <span class='ocr_line' id='line_1_21' title="bbox 471 3213 914 3278; baseline 0 -14"><span class='ocrx_word' id='word_1_146' title='bbox 471 3213 569 3276; x_wconf 75' lang='lat' dir='ltr'><strong>Revay</strong></span> <span class='ocrx_word' id='word_1_147' title='bbox 588 3213 683 3265; x_wconf 71' lang='lat' dir='ltr'><strong>esalad</strong></span> <span class='ocrx_word' id='word_1_148' title='bbox 701 3213 914 3278; x_wconf 71' lang='lat' dir='ltr'><strong>levelttrtban.)</strong></span> 
     </span>
    </p>
   </div>
   <div class='ocr_carea' id='block_1_13' title="bbox 0 0 1557 5202">
    <p class='ocr_par' dir='ltr' id='par_1_13' title="bbox 0 0 1557 5202">
     <span class='ocr_line' id='line_1_22' title="bbox 0 0 1557 5202; baseline 0 0"><span class='ocrx_word' id='word_1_149' title='bbox 0 0 1557 5202; x_wconf 95' lang='lat' dir='ltr'><strong> </strong></span> 
     </span>
    </p>
   </div>
  </div>
 </body>
</html>
