3162 5200
839 1035 913 1104 lea.

183 1212 189 1226 “
311 1235 584 1316 remoraremur
598 1233 723 1323 perper
738 1255 780 1298 a.
798 1231 894 1298 Pon·
910 1235 942 1298 o
958 1233 1021 1298 rur
1045 1233 1233 1300 reserentes
1257 1231 1444 1318 ostrow.

587 1341 734 1407 Mariae
749 1341 850 1408 oltctrt
864 1341 976 1408 rueret
991 1338 1035 1405 te.
1061 1343 1158 1408 1275.

397 1535 556 1602 (Thalorior,
575 1539 701 1591 llolrum.
720 1537 787 1590 laist.
806 1537 896 1602 spuo.
916 1537 1110 1604 zagrabienrir
1128 1537 1151 1587 1.
1170 1537 1231 1588 noe.
1254 1539 1314 1587 175.
1334 1535 1365 1600 1.)

741 1824 1006 1838 *nna——

837 2351 910 2422 188.

311 2549 461 2618 Aeetae·
484 2548 711 2636 kopoalaneal
728 2551 882 2636 jelentlae
907 2549 1058 2617 Erratbet
1089 2549 1199 2638 iffiobb
1230 2551 1444 2638 irirdlyntlror

420 2655 541 2744 ὅμως
558 2658 685 2745 helyseo
699 2659 896 2725 totdroiook
910 2657 1200 2745 mbdlyoadrdrol.
1234 2659 1332 2726 1275.

419 2850 630 2921 serenissime
661 2852 793 2921 domine
821 2872 881 2922 sne
911 2852 1016 2921 illei
1046 2853 1159 2938 grania
1189 2852 1298 2922 inolite
1313 2857 1439 2941 Regino
1566 2878 1572 2887 ·

312 2959 457 3045 Vngarie
472 2957 659 3047 Capitulum
672 2960 835 3031 Bullensis
856 2961 1001 3032 lloelesie
1033 2964 1201 3031 oraciones
1217 2983 1276 3049 pro
1306 2963 1381 3050 ipsa
1395 2963 1440 3032 sd

310 3067 485 3137 Dominnnr
516 3066 647 3138 debitos
679 3087 719 3137 an
735 3069 880 3139 denotas.
912 3065 1109 3156 Preeepistis
1125 3070 1219 3139 nobis
1235 3089 1293 3155 por
1308 3070 1436 3141 litteras

310 3174 518 3244 Exoellenoie
542 3183 658 3263 uentre,
674 3181 709 3246 nt
738 3176 901 3246 hominem
932 3183 1077 3244 nostrum
1110 3176 1310 3262 fidodignurn
1342 3197 1442 3265 super

310 3289 414 3354 terras
445 3282 629 3354 vinidornrn
670 3290 850 3372 uestrorum
884 3283 1004 3372 Symog
1036 3290 1070 3352 et
1100 3284 1262 3372 Syrnodor
1294 3294 1439 3371 roeatas,

32 3433 34 3440 x
171 3473 178 3482 κ
312 3411 395 3476 quas
412 3391 575 3460 sororibus
591 3391 632 3460 de
656 3393 771 3460 Insula
800 3393 921 3461 Sancte
944 3392 1055 3478 Maris,
1085 3412 1157 3460 eum
1188 3393 1440 3480 eondioionarijs

311 3498 429 3568 uestris
444 3517 542 3586 snper
557 3497 630 3585 ipsa
645 3505 735 3567 terra
749 3497 968 3567 residentibus
984 3500 1181 3588 contulistis,
1216 3501 1439 3586 mitteremus;

309 3605 505 3676 secundario
523 3626 581 3692 pro
606 3628 656 3694 eo,
686 3607 774 3692 quod
805 3607 897 3694 prins
927 3625 1041 3676 onrsua
1073 3614 1232 3675 metarum
1261 3605 1438 3679 earundem

311 3723 472 3783 terrorum
503 3713 598 3784 uobis
628 3734 694 3784 non
711 3713 992 3800 resoripseramns.
1018 3713 1123 3799 Igitur
1142 3713 1239 3783 homo
1253 3721 1368 3785 noster
1381 3735 1438 3801 per

310 3843 370 3890 nos
386 3822 430 3889 od
453 3822 513 3890 hoo
529 3823 648 3892 missus
664 3823 708 3890 od
722 3842 783 3890 nos
801 3822 965 3891 redeundo
981 3823 1091 3890 retulit
1107 3822 1213 3910 nobis,
1228 3823 1318 3908 ipsas
1335 3829 1441 3891 terras

310 3930 435 3999 talibus
467 3929 563 3999 metis
594 3929 752 4017 distingui
769 3956 777 3996 ε
794 3929 906 3998 Prima
937 3931 1024 3996 enim
1042 3937 1130 3998 meta
1146 3932 1322 4000 earundem
1340 3940 1439 4000 terra·
1579 3975 1580 3978 =

311 4057 381 4108 rum
398 4036 513 4124 inoipit
528 4058 550 4106 a
565 4045 659 4125 parte
676 4037 826 4107 orientali
842 4037 876 4104 in
907 4040 978 4106 loeo
1009 4038 1066 4124 qni
1096 4035 1215 4106 (linitur
1245 4037 1436 4124 Hurhteteu,

311 4145 369 4214 ubi
384 4154 459 4214 sunt
473 4151 540 4214 tres
555 4153 660 4216 terroe
676 4153 781 4235 nnete,
804 4151 993 4233 separantes
1008 4167 1030 4214 a
1046 4146 1141 4214 terris
1161 4147 1313 4216 villarum
1328 4147 1438 4216 Korea

312 4262 346 4323 et
375 4255 462 4342 Eprrl
492 4261 695 4337 noeatarum3
719 4255 795 4322 hino
824 4253 1028 4342 procedendo
1069 4275 1184 4342 perum
1215 4256 1250 4324 in
1280 4253 1440 4343 superiori

312 4370 405 4449 parte
435 4363 532 4431 vines
561 4363 692 4453 Theryn
723 4363 834 4431 Latini
865 4370 941 4432 sunt
971 4364 1034 4431 dne
1064 4370 1169 4431 terres
1184 4370 1287 4449 mete;
1310 4362 1388 4430 item
1404 4361 1438 4427 in

312 4475 421 4539 monte
437 4469 493 4556 qni
509 4469 627 4540 dieitur
641 4471 808 4558 Keylrmol
827 4477 903 4540 sunt
919 4469 982 4539 dne
1006 4475 1113 4537 terroe
1143 4477 1246 4553 mete;
1270 4469 1390 4537 deindo
1404 4468 1437 4536 in

311 4586 420 4648 monte
449 4577 702 4647 Homeronteten
734 4587 851 4648 noento
882 4585 960 4648 sunt
976 4579 1040 4646 due
1055 4583 1159 4646 terreo
1176 4583 1277 4658 mete;
1300 4576 1436 4663 posthoc

311 4686 345 4754 in
361 4683 542 4756 Theteuleu
567 4682 632 4754 due
663 4691 768 4770 mete;
792 4685 868 4754 hine
900 4683 1093 4754 declinando
1125 4703 1238 4753 uersus
1269 4683 1436 4752 meridiem
