3102 5196
530 381 685 486 „es-e„

48 571 190 640 similiter
206 589 282 640 cum
300 573 450 642 omnibus
467 574 510 642 ad
537 574 671 642 easdem
697 575 935 661 pertinentibus
966 578 1181 663 possessioni·

49 681 122 767 bus;
143 681 223 750 item
238 681 407 769 possessio
426 681 525 768 Selpe
540 688 659 751 uocata
674 685 708 750 in
724 681 887 751 comitatu
902 681 1095 754 Posoniensi
1111 687 1179 752 exi·

47 795 130 856 utens
145 787 302 856 similiter
318 810 390 857 eum
406 791 556 858 omuibus
572 791 615 857 ad
632 791 770 858 eandem
787 791 1023 878 pertinentibus
1049 811 1192 878 posses·-

47 895 202 977 sionihus;
231 895 312 964 item
328 897 495 984 possessio
520 898 638 965 Ratold
664 904 782 966 uocata
813 899 847 966 in
879 897 1042 966 Oomitmu
1074 897 1198 968 Pestis

46 1003 108 1070 ensi
139 1000 313 1091 adiacens,
343 1003 377 1070 in
410 1023 476 1086 qua
492 1003 631 1071 ecelesia
646 1013 695 1072 est
726 1005 874 1086 tundata,
907 1025 979 1072 cnm
1012 1009 1175 1077 uniuersis

3 1181 5 1188 ,
48 1110 239 1180 utilitatibus
259 1109 448 1195 earundem,
466 1113 641 1180 cessissent
656 1111 810 1199 predictis
825 1113 994 1199 hisgistris
1024 1116 1177 1183 Rorando

49 1227 79 1286 et
92 1219 198 1286 Deseu
215 1219 299 1304 filijs
317 1221 514 1311 Leustachij,
545 1222 717 1290 Dominieo
749 1230 781 1288 et
811 1221 966 1290 Ladielao
998 1223 1078 1308 filijs
1110 1225 1179 1291 Ste-

49 1327 154 1412 phani,
172 1328 351 1416 Reynoldo
369 1335 402 1394 et
417 1328 554 1396 Nicolao
569 1329 645 1414 filijs
661 1328 819 1416 OlyueriJ,
840 1335 872 1395 et
888 1349 946 1411 per
963 1351 1018 1399 eos
1035 1332 1177 1416 ipsorum

50 1432 216 1503 heredibus
232 1435 457 1519 heredumque
473 1437 802 1504 successorihusiure
817 1446 974 1523 perpetuo
991 1447 1023 1504 et
1048 1438 1178 1507 iureuo-

3 1615 4 1618 *
52 1541 193 1608 rabilites
211 1541 402 1627 optinenda,
429 1543 567 1608 tenende
598 1551 630 1609 et
661 1542 819 1628 habende,
851 1563 926 1630 ymo
958 1545 1179 1628 perempniter

6 1713 8 1718 ,
51 1648 252 1735 possidenda
279 1650 406 1715 Deinde
423 1655 455 1714 et
472 1668 489 1716 e
506 1668 665 1717 conuerso
682 1650 847 1734 possessio
861 1652 977 1738 Laepa
992 1659 1110 1719 uocata
1142 1653 1176 1719 in

53 1757 427 1844 ComitatuSymigiensi
443 1758 565 1824 situata
581 1778 653 1824 cum
669 1757 817 1825 omnibus
834 1759 878 1826 ad
910 1779 982 1824 eam
1014 1760 1178 1844 pertinen·

3 1919 5 1924 ,
53 1864 131 1930 tibus
160 1865 427 1950 possessionibus
459 1883 634 1947 earumque
665 1864 859 1932 utilitatibus
890 1865 1073 1949 uniuersis;
1098 1866 1175 1935 item

51 1972 193 2039 uniuerse
209 1973 439 2058 possessiones
454 1973 489 2038 in
506 1971 666 2040 comitatu
683 1971 722 2038 de
739 1974 866 2056 Posoga
895 1974 1071 2041 existentes
1102 1995 1175 2041 cum

3 2093 4 2100 ’
54 2080 191 2147 omnihus
206 2083 280 2148 suis
297 2079 496 2147 utilitatibus
513 2084 544 2145 et
558 2080 769 2165 pertinencijs
800 2081 980 2165 uniuersis;
1006 2084 1084 2148 item
1116 2082 1177 2148 (la-

54 2193 143 2253 strum
160 2187 353 2272 Hungariee
368 2186 576 2270 Nogkemluk
593 2192 753 2273 uocatum,
771 2187 855 2255 inter
870 2189 987 2256 fluuios
1003 2190 1118 2256 Draus
1143 2195 1177 2255 et

54 2292 136 2359 Zara
150 2303 290 2362 uocatos
307 2295 341 2360 in
356 2293 536 2361 Sclauonia
551 2293 703 2378 existens,
720 2293 815 2361 simul
834 2314 908 2361 cum
932 2295 1081 2363 omnibus
1106 2315 1176 2381 pre·

56 2397 157 2488 dijset
185 2401 451 2486 possessionibus
476 2399 520 2466 ad
552 2401 658 2486 ipsum
690 2400 838 2468 Castrum
870 2403 1105 2486 pertinentibus
1137 2421 1176 2469 ae

56 2525 156 2574 earum
170 2508 369 2576 utilitatibus
385 2507 563 2592 uniuersis;
586 2507 664 2573 item
680 2508 843 2593 possessio
874 2509 948 2594 Nog
970 2510 1087 2576 Ratold
1119 2527 1182 2577 vo·-

58 2615 169 2682 retain
184 2614 353 2682 Comitatus
369 2613 598 2699 Besprimiensi
614 2613 743 2700 situata,
761 2615 1062 2700 exceptaporeione
1073 2617 1173 2699 blagi-

57 2722 109 2788 stri
122 2721 264 2811 Baldun,
282 2721 433 2790 similiter
460 2741 532 2788 cum
557 2721 707 2787 omnibus
738 2721 995 2806 possessionibus
1026 2722 1071 2789 ad
1103 2741 1175 2790 eam

59 2831 287 2914 pertinentibus
305 2849 480 2912 earumque
496 2829 690 2897 utilitatibus
706 2829 884 2916 uniuersis;
907 2831 984 2899 item
1010 2831 1184 2916 possessio-

58 2935 151 3004 Halan
169 2945 289 3008 uocata
302 2937 336 3003 in
353 2938 517 3004 comitatu
534 2935 575 3004 dc
605 2936 736 3003 Zahoch
761 2937 915 3024 existens,
946 2937 1042 3006 modo
1074 2938 1174 3005 simili

59 3061 121 3110 eum
136 3047 284 3114 omnibns
294 3043 420 3112 adeam
431 3041 957 3131 pertinentibuspossessionibus,
974 3063 1174 3130 suarumque

59 3150 239 3221 utilitatibus
257 3151 436 3238 uniuersis;
461 3153 537 3218 item
555 3151 718 3236 possessio
733 3149 847 3217 Knend
862 3157 979 3218 uocata
1003 3152 1038 3218 in
1070 3150 1174 3218 Comi·

3 3275 4 3282 ¹
59 3262 120 3324 tatu
133 3257 172 3328 de
186 3261 321 3328 Zemlen
337 3259 493 3327 adiacens
511 3279 582 3324 cum
599 3259 747 3326 omnibus
764 3257 1023 3344 possessionibus
1040 3257 1083 3325 ad
1099 3280 1179 3328 eam.

60 3365 297 3450 pertinentibus,
314 3386 488 3450 earumque
504 3366 698 3434 utilitatibus
716 3363 878 3434 uniuersis
895 3367 993 3434 cessit
1008 3367 1042 3437 in
1059 3368 1109 3436 ins
1140 3376 1173 3434 et

52 3475 280 3560 'proprietatem
297 3476 444 3543 eiusdem
461 3473 610 3557 Magistri
627 3473 760 3559 Mathis,
777 3483 808 3541 et
832 3494 889 3560 per
913 3475 1019 3558 ipsum
1042 3496 1174 3544 suorum

60 3575 202 3648 heredum
227 3582 449 3665 heredumque
473 3600 604 3649 suorum
635 3599 857 3648 suceessorum
888 3581 1038 3666 tenende,
1070 3585 1174 3668 possi-

62 3684 154 3756 deude
169 3690 386 3776 perempniter
402 3695 435 3756 et
450 3688 606 3756 habende.
631 3686 821 3773 Obligantes
837 3709 873 3757 se
889 3695 999 3774 partes
1016 3691 1174 3776 premissa

21 3853 25 3858 .
63 3810 113 3862 sua
127 3805 304 3882 spontanea
319 3797 498 3881 uoluntate,
515 3795 602 3878 qnod
618 3793 646 3862 si
662 3795 824 3880 quispiam
851 3797 994 3883 ipsorum
1019 3800 1173 3882 temporis

62 3897 90 3966 in
103 3923 247 3988 processu
262 3906 488 3990 possessiones
503 3902 546 3971 ab
562 3901 642 3988 ipsis
659 3903 822 3971 alienatas
839 3903 892 3970 uel
907 3904 1049 3986 aliquam
1060 3924 1173 3973 earum

3 4027 6 4094 '.
64 4013 260 4095 reaequirere,
290 4012 474 4080 reinnenire
490 4011 544 4078 uel
569 4011 728 4078 rehabere
759 4012 876 4096 poterit
907 4030 1038 4095 quoquo
1068 4012 1181 4100 modo,.

3 4191 4 4194 Ἴ
65 4123 167 4188 extunc
182 4142 239 4190 eas
254 4120 341 4188 inter
358 4139 395 4186 se
409 4119 559 4186 diuidere
576 4118 736 4202 equaliter
760 4119 956 4186 tenebuntur
986 4124 1018 4186 et
1047 4120 1174 4206 partiri.

66 4220 197 4298 Hocnon
213 4229 503 4316 pretermittentes,
533 4226 664 4312 quodsi
696 4225 769 4310 quis
801 4225 947 4312 ipsorum
979 4227 1034 4294 uel
1065 4246 1181 4296 eorum,

64 4327 204 4405 heredum
221 4335 347 4423 aliquid
362 4335 396 4402 in
426 4343 593 4424 posterum
619 4333 659 4400 dc
691 4331 853 4400 diuisione
882 4334 936 4400 uel
967 4332 1175 4402 ordinacione

68 4443 209 4520 premissa
223 4444 322 4514 uellet
336 4463 395 4512 seu
412 4441 596 4510 intenderet
610 4441 646 4509 in
660 4441 786 4509 irritum
803 4447 992 4528 retractare,
1022 4462 1062 4510 eo
1087 4441 1173 4510 facto

68 4545 233 4640 calumpnic
248 4570 335 4639 pena
351 4557 529 4619 mereretur
546 4556 578 4618 et
595 4549 729 4618 deberet
743 4548 1015 4637 publieeirretiri.
1031 4549 1070 4617 In
1081 4550 1182 4620 cuius-

69 4649 108 4717 rei
120 4660 298 4728 nemoriem
315 4663 569 4745 perpetuamque
584 4655 768 4730 firmitatem
784 4663 952 4746 presentes
967 4657 1014 4726 ad
1042 4658 1179 4744 peticio·
