3190 5190
807 335 966 441 ...Q-

319 529 457 619 Suecha,
478 527 662 618 Lipponuk,
679 529 819 598 Rosisna
835 537 866 598 et
883 529 1022 596 Somkut
1039 531 1173 619 vocatis,
1205 529 1290 596 inter
1305 527 1451 596 eundem

321 637 543 710 venerabilem
559 644 684 728 patrem
700 644 733 705 et
748 637 867 708 fratres
884 657 960 706 suos
975 637 1038 706 Job
1063 637 1219 706 minorum
1245 637 1348 704 fitium
1379 635 1455 702 Zah

321 746 455 816 Comitis
471 755 503 816 et
520 748 636 816 fratres
653 746 796 814 ciusdem
813 747 854 816 de
871 767 992 834 genere
1023 745 1093 814 Zah
1124 766 1166 813 ex
1198 766 1263 812 una
1294 751 1400 832 parte,
1417 749 1455 810 et

321 839 486 924 Detricum
503 855 640 926 Caluum
657 857 781 924 filiosue
797 876 884 941 suos,
902 861 935 922 et
950 853 1086 922 Lokach
1103 853 1283 937 fratresque
1299 852 1453 920 eiusdem

322 983 362 1030 ex
394 963 508 1050 altera,
557 965 756 1032 sentenciam
795 965 957 1050 prolatam
998 963 1177 1050 continens,
1217 981 1275 1046 per
1306 959 1453 1027 eundern

320 1068 483 1138 dominum
509 1073 706 1159 Episcopum
740 1071 1123 1157 Quinqueecclesiensem
1154 1069 1248 1137 uobis
1278 1069 1452 1136 humiliter

319 1175 496 1246 exhibitum
514 1187 546 1247 et
561 1187 724 1248 ostensum
741 1179 881 1248 vidimus
898 1185 929 1248 et
963 1181 1025 1265 legi
1057 1179 1205 1266 fecimus,
1238 1183 1271 1244 et
1303 1175 1454 1244 ciusdem
1541 1239 1543 1244 .

320 1283 554 1354 continenciam
573 1287 766 1375 audiuimus,
784 1295 816 1356 et
833 1307 1039 1356 examussum
1056 1286 1239 1355 studuimus
1256 1285 1362 1372 ipsum
1379 1285 1449 1370 pri·

319 1393 475 1477 uilegium
492 1397 688 1483 examinare,
705 1396 820 1462 tamin
837 1403 938 1476 curta,
955 1396 1042 1483 stilo,
1054 1395 1165 1462 littera
1174 1399 1206 1460 et
1221 1392 1327 1480 modo,
1345 1411 1448 1476 quam

319 1504 355 1569 in
370 1502 488 1586 sigillo,
504 1502 567 1590 tito,
586 1506 802 1575 cunctacione
818 1506 987 1574 Dominice
1012 1503 1260 1573 Iuoarnacionis
1286 1502 1453 1586 simulque

320 1610 489 1696 regnantis
506 1613 585 1678 anni
602 1623 633 1679 et
650 1633 771 1698 mense,
802 1614 955 1697 equitatis
972 1613 1084 1700 gracia
1115 1612 1296 1696 suadente3
1320 1608 1451 1676 inueni-

320 1739 391 1788 mus
407 1739 545 1807 quoque,
571 1722 676 1806 ipsum
695 1722 901 1808 priuilegium
917 1742 982 1789 non
998 1719 1153 1809 deletum,
1186 1740 1253 1788 nun
1278 1721 1449 1806 abrasum,
1576 1723 1580 1730 '

320 1847 385 1895 non
400 1829 627 1914 cancellatum,
652 1851 718 1899 non
734 1830 900 1917 falsatum,
917 1851 981 1898 non
997 1831 1163 1915 uiolatum,
1193 1831 1303 1896 necin
1319 1828 1371 1897 sni
1387 1829 1449 1894 ali·

318 1957 384 2020 qua
393 1945 485 2023 parte
494 1938 657 2026 viciatum,
669 1960 731 2008 nec
740 1939 875 2008 alicuius
894 1937 1136 2026 redargutionis
1153 1937 1237 2007 vicio
1252 1938 1446 2006 subiectum.

320 2045 419 2114 euius
437 2046 567 2131 quidem
585 2055 675 2115 tenor
691 2047 854 2135 priuilegij
873 2055 964 2115 tenor
989 2068 1046 2134 per
1077 2068 1137 2115 nos
1168 2053 1200 2114 et
1231 2066 1287 2132 per
1316 2053 1448 2114 nostros

318 2153 462 2220 Barones
479 2160 556 2220 tuuc
572 2163 739 2241 presentes
756 2155 947 2240 diligencius
965 2156 1145 2243 inspectum
1161 2162 1193 2222 et
1222 2155 1448 2222 examinatum

319 2261 479 2328 attencius
495 2262 570 2328 talis
588 2272 662 2329 est:

426 2367 610 2455 Stephanus
625 2369 686 2436 Dei
703 2369 815 2451 gracia
831 2368 999 2454 Hungarie
1015 2370 1077 2436 stb.
1096 2370 1165 2436 Rex
1181 2369 1243 2437 stb.
1272 2369 1450 2458 (kdrctke-

320 2474 376 2540 xfk
392 2473 431 2545 V.
448 2475 561 2543 Istuan
578 2475 753 2562 kirtlynak
771 2477 908 2546 lata-ki
925 2478 1103 2563 okmbnya,
1129 2477 1209 2542 mint
1227 2476 1356 2543 feutebb
1387 2480 1447 2546 49.
1578 2468 1582 2483 '

265 2575 266 2578 ’
319 2583 408 2648 scam
424 2579 530 2669 alatt.)

427 2685 521 2755 Vnde
537 2709 607 2756 cum
624 2690 716 2758 nobis
733 2698 764 2758 et
781 2692 961 2758 Beronibus
978 2692 1096 2758 nostris
1131 2699 1206 2760 tunc
1237 2691 1447 2778 presentibus

321 2797 440 2865 dictum
458 2797 666 2882 priuilegium
684 2799 724 2866 de
740 2798 884 2866 sciencia
900 2807 933 2866 ct
964 2799 1178 2887 consciencia,
1210 2801 1379 2866 voluntate
1411 2808 1449 2867 et

320 2927 476 2975 consensu
486 2905 651 2974 karissimi
663 2906 885 2994 patrisnostri,
903 2905 1081 2990 eodemque
1092 2914 1304 2993 patronostro
1315 2909 1449 2976 iubente

319 3016 441 3104 datum,
459 3036 648 3084 concessum
661 3015 939 3100 conscriptumque
952 3017 1132 3085 constiterit
1142 3017 1321 3101 manifeste,
1339 3018 1448 3100 sitque

320 3127 411 3196 cordi
426 3126 528 3214 nobis,
555 3126 695 3193 extincte
709 3123 776 3192 litis
793 3127 952 3194 carbones
983 3126 1195 3193 reaccendere
1225 3124 1447 3193 mollientibns

318 3237 460 3321 obuiare,
489 3255 530 3302 ne
546 3235 620 3304 lites
637 3236 716 3302 fiant
731 3233 930 3322 inmortales,
963 3233 1166 3301 decreuimus
1201 3234 1448 3302 sentencialiter

318 3345 358 3410 de
370 3342 507 3411 consilio
524 3347 687 3410 Beronum
703 3350 885 3410 nostrorum
902 3351 976 3410 tuuc
993 3342 1206 3428 presencium,
1239 3342 1362 3408 dictum
1377 3343 1443 3426 pri·

319 3449 475 3534 uilegium
513 3458 684 3536 acceptare
714 3470 773 3518 seu
804 3447 940 3536 admitti,
980 3450 1222 3532 admissumque
1252 3451 1451 3536 approbare,

317 3555 453 3641 munire,
484 3564 517 3625 et
534 3557 792 3627 confirmacionis
807 3561 922 3627 robore
937 3559 1114 3644 stabilitum
1148 3578 1169 3624 a
1199 3558 1304 3645 nobis,
1342 3564 1375 3623 et
1404 3559 1451 3625 ab

318 3665 464 3734 omnibus
481 3673 588 3734 nostre
605 3666 755 3754 dicionis,
772 3687 812 3734 ao
828 3667 905 3752 aiijs
920 3668 1138 3748 cuiuscunque
1155 3667 1310 3752 temporis
1322 3665 1447 3752 judici-

317 3775 378 3840 bus
393 3773 551 3841 vnioersis
567 3773 680 3844 haberi
697 3779 728 3842 et
745 3777 848 3842 teneri
876 3773 1103 3860 perempnitcr,
1136 3772 1268 3839 Detricc
1301 3781 1333 3839 et
1367 3773 1448 3858 filijs

315 3881 394 3968 suis,
410 3881 544 3948 Lukach
560 3881 780 3966 fratribusque
797 3882 952 3969 eiusdem,
971 3903 1010 3948 ac
1026 3901 1136 3947 corum
1153 3882 1326 3949 heredibus
1354 3881 1444 3949 here·

315 3989 457 4073 dumque
473 3991 713 4056 successoribus
729 4009 826 4076 super
844 3992 909 4056 iam
927 3991 1022 4057 dictis
1039 3991 1146 4069 terris,
1163 3989 1297 4078 predijs,
1313 4009 1445 4074 posses·

314 4098 512 4180 sionibusue,
545 4104 577 4165 et
592 4117 703 4165 earum
727 4100 939 4184 pertinencijs
966 4105 998 4166 et
1029 4098 1217 4183 attinenoijs
1249 4105 1443 4183 perpetuum

316 4204 485 4275 silencium
503 4205 652 4292 exigente
667 4206 797 4275 iusticia
812 4205 1018 4292 inponentes.
1060 4207 1095 4272 ln
1113 4207 1205 4274 cuius
1222 4205 1269 4274 rei
1301 4207 1445 4274 testimo·

316 4315 406 4382 nium
424 4321 456 4381 et
471 4314 659 4382 memoriam
675 4322 819 4383 eternam
837 4325 1004 4400 presentes
1029 4311 1246 4381 concessimus
1277 4313 1444 4400 dupplicis

316 4421 417 4505 sigilli
433 4421 535 4489 nostri
549 4421 727 4490 munimine
746 4425 965 4507 consignatas.
1006 4422 1126 4489 Datum
1144 4441 1199 4506 per
1215 4440 1331 4489 manns
1347 4443 1445 4490 vene·

317 4529 431 4598 rabilis
447 4529 510 4597 viri
524 4529 673 4616 Magistri
690 4529 858 4599 Benedicti
885 4531 1004 4598 Sancte
1030 4529 1264 4615 strigoniensis
1296 4531 1444 4600 necteris

312 4637 530 4728 Archyefecti
548 4635 753 4726 eiusdemque
768 4638 831 4708 loci
848 4639 982 4707 domitis
999 4638 1154 4727 perpetui,
1185 4637 1346 4726 Prepositi
1371 4641 1433 4714 Bu·
