3096 5202
1040 66 1102 98 ,¹¹1¹

1134 103 1139 112 ι
1169 98 1177 111 t

1238 132 1248 153 ι
1442 151 1446 161 Ι

1430 168 1437 179 Ι

921 284 988 361 lit

869 383 879 394 t
884 386 1029 394 -a-q-qn--u

379 487 558 558 munimine
577 492 756 574 roboratas,
773 509 858 556 annu
874 490 1007 558 Domini
1020 489 1251 558 ll⁰GG⁰LllX⁰
1269 506 1363 558 nouo.
1375 491 1499 560 Prosen-

379 597 465 664 tibns
507 605 617 664 tumen
656 597 813 682 Magistro
854 597 974 665 Pranlo
1013 598 1157 684 Leniore,
1193 599 1348 683 Magistro
1377 599 1500 667 norrea
1540 641 1542 684 ι

380 707 531 790 cantore,
562 707 704 774 seeundo
736 706 838 774 Paulo
870 705 1021 790 Custode,
1041 709 1197 792 Magistro
1213 709 1306 774 Anea
1338 705 1500 794 Pestiensi,
1540 695 1542 778 l

378 813 534 897 Magistro
559 813 695 882 Nioolao
727 814 767 883 de
783 813 995 902 Soigethtey,
1012 817 1170 901 Magistro
1201 817 1295 884 Petro
1316 815 1358 881 de
1372 813 1498 884 Sunnnk

375 921 634 1008 Archidiaeonis,
652 930 684 990 et
699 921 776 1011 alijs
802 923 911 991 multis
928 923 1049 991 ibidem
1066 924 1098 990 in
1117 924 1265 994 Ecclesia
1281 922 1495 1008 Beate-Virgi-

378 1029 428 1095 nis
444 1027 609 1096 hnmiliter
625 1031 695 1097 Dso
711 1029 945 1099 famulantibus
962 1037 994 1097 et
1004 1031 1130 1100 denoto.

689 1139 719 1204 A
936 1137 962 1202 B
1178 1138 1204 1204 (i

377 1336 518 1398 (Ersdstis
543 1333 730 1401 nonnarum,
761 1336 879 1400 melyrtll
901 1351 918 1386 a
942 1333 1037 1398 pauset
1057 1337 1139 1388 ιόιὸι
1159 1334 1394 1400 rslyemzsinoron
1419 1334 1494 1400 tingo,

665 1441 682 1476 a
701 1425 788 1476 budni
800 1427 853 1476 kir.
868 1426 996 1476 kamarai
1019 1426 1218 1488 leveltarban.)

809 1712 1072 1732 fl—n—a-r-—pfl--u-v

903 2248 978 2316 232.

374 2441 405 2510 A
422 2447 592 2532 veropr-omn·
608 2444 826 2531 triptolonuolr
841 2445 1114 2532 bizouysctplooelo,
1128 2444 1210 2531 kopp
1226 2442 1376 2526 Katolr'o,
1400 2441 1482 2508 Zolole

373 2553 610 2640 oemzetsiptrelo'
626 2553 765 2622 Ille'enrlo
781 2561 913 2640 &zoepyo
928 2553 1050 2618 Adurni
1066 2551 1221 2638 helystpat
1236 2550 1481 2639 Torooysreo

730 2661 895 2728 mestar-nole
911 2659 1028 2726 clarita.
1045 2660 1142 2724 1279.

482 2854 668 2944 Capitulum
686 2857 949 2944 wesprimiensis
965 2855 1111 2924 Euolesla
1126 2855 1277 2924 omnibus
1294 2853 1408 2924 Christi
1416 2848 1477 2919 fido

373 2964 459 3032 libus
476 2950 655 3050 presentem
672 2965 828 3050 paginam
845 2963 1039 3050 inspecturis
1055 2964 1196 3032 salutem
1212 2963 1247 3029 in
1264 2963 1400 3032 Domino
1408 2975 1475 3028 suu·

374 3074 544 3156 piternum.
568 3072 729 3151 Quoniam
761 3071 950 3156 plerumque
981 3078 1077 3155 gesta
1107 3069 1293 3137 mortalium
1325 3063 1474 3138 obliuionis

372 3179 514 3262 ealigine
529 3179 747 3265 deterguntur,
763 3199 804 3246 ox
819 3199 885 3263 qua
901 3185 1077 3246 naseuntur
1092 3176 1178 3258 lites,
1196 3184 1335 3262 surgunt
1350 3171 1473 3256 durius,

372 3296 405 3355 et·
419 3287 494 3354 odia
508 3294 725 3373 generantur:
749 3287 891 3355 humane
907 3287 1049 3354 racionis
1064 3285 1241 3355 laudabilis
1267 3283 1404 3371 pronisio
1428 3297 1471 3364 pu

371 3394 469 3461 stulat
485 3401 517 3462 et
532 3395 674 3484 requirit,
690 3402 727 3462 vt
742 3416 848 3464 rernm
865 3394 965 3462 series
981 3393 1282 3462 conseruandarum
1298 3391 1473 3479 inposterum

372 3501 476 3568 fidelis
492 3503 650 3588 seriptnre
673 3501 854 3589 patrocinio
885 3501 1137 3568 commendetur.
1177 3499 1318 3568 Proinde
1347 3495 1472 3566 nouarlnt

371 3609 515 3677 uniuersi
530 3617 597 3676 tum
614 3617 779 3695 presentes
795 3630 893 3694 quam
910 3611 1018 3696 laturi,
1048 3608 1136 3692 quon
1151 3609 1252 3676 nubili
1278 3605 1403 3676 domina
1428 3618 1471 3666 no

371 3716 459 3783 mine
475 3715 657 3785 Katherina
671 3717 739 3785 filia
754 3717 906 3803 Farkasij
923 3716 981 3802 tilij
999 3716 1178 3800 Tholomei,
1194 3715 1311 3784 relieta
1326 3711 1404 3780 Elak
1424 3702 1469 3786 filil

370 3823 552 3910 lllyehaelis
567 3825 608 3892 do
624 3844 740 3909 genero
757 3825 870 3911 Zolok,
901 3843 973 3892 enm
989 3825 1137 3892 Johanne
1167 3823 1235 3890 tilio
1266 3842 1325 3890 suo
1355 3839 1392 3889 ex
1418 3829 1470 3882 ιιι

369 3939 473 4020 parte,
490 3940 522 3998 et
538 3933 696 4016 Magistro
713 3934 851 4002 Pathrus
869 3934 933 4001 filio
949 3933 1087 4002 Petlrrus
1105 3933 1147 3999 de
1162 3933 1302 4018 'llorwuy
1319 3950 1359 3998 ex
1384 3926 1469 3992 alna

370 4059 477 4106 eorum
493 4041 586 4108 nobis
602 4040 820 4127 personaliter
835 4041 1041 4128 constituam
1059 4040 1173 4110 eadem
1189 4039 1322 4108 domina
1330 4043 1362 4105 et
1370 4032 1468 4102 Jolrau·

369 4165 428 4213 nes
442 4145 529 4212 tilius
545 4147 688 4214 eiusdem
704 4149 870 4217 viueuoois
884 4149 1016 4216 oraonlo
1031 4156 1110 4218 sunt
1144 4146 1306 4216 confessi:
1335 4140 1412 4229 qnod
1435 4153 1467 4202 ιι

369 4251 519 4319 oonoordi
536 4253 741 4339 benepluoito
758 4261 791 4321 et
806 4257 950 4323 unanimi
966 4253 1134 4323 voluntate
1145 4253 1308 4341 quandam
1317 4242 1466 4340 possmss'cr

366 4378 442 4428 nem
457 4359 601 4445 ipsorum
618 4359 849 4428 hereditariam
865 4360 983 4430 Adand
999 4367 1157 4447 sonutam,
1173 4361 1320 4428 habitam
1335 4359 1367 4426 in
1381 4345 1464 4422 enni·

367 4471 438 4531 tutu
454 4465 663 4553 symigiensi,
681 4468 713 4535 in
731 4487 796 4552 qua
813 4468 951 4553 quedam
968 4467 1050 4536 villa
1065 4471 1203 4554 paruula
1218 4467 1320 4535 libere
1330 4457 1465 4532 nundinio·

366 4571 417 4646 nis
433 4571 577 4642 homines
593 4574 628 4640 in
643 4593 678 4644 se
694 4575 863 4644 continens
879 4573 1000 4666 existit,
1016 4574 1059 4642 ad
1076 4595 1153 4646 vsus
1169 4569 1462 4664 quindecinorum
