3160 5200
827 345 977 444 ,pre-

344 543 429 614 oiam
444 541 551 632 ipsius
567 539 709 627 Capituli
725 540 873 610 Eeolosie
889 539 1121 627 strigoniensis
1146 539 1340 628 secedendo,
1371 561 1468 626 super

344 653 431 722 laeto
446 650 669 720 uniuersarum
701 649 944 737 possessionum
974 669 1106 718 suarum
1135 650 1170 716 in
1201 650 1323 718 eisdem
1355 650 1470 718 litteris

342 765 576 827 annotaturum
591 777 650 844 per
664 757 834 826 arbitrium
850 758 995 826 eiusdem
1011 757 1134 825 domini
1156 757 1320 845 Episeopi,
1339 756 1471 825 Comitis

341 869 469 935 Thorne
484 865 611 934 Jndieis
627 862 723 934 curie
738 865 860 934 domini
875 867 985 954 Regis,
1001 865 1220 951 Wogoumerij
1238 865 1374 934 domitis
1384 866 1471 932 Hun-

345 975 457 1062 tensis,
475 981 508 1043 et
523 971 659 1042 Comitis
689 972 820 1041 Andree
850 971 908 1057 filij
941 973 1075 1040 Comitis
1106 971 1235 1040 Andree
1265 973 1403 1039 Comitis
1435 973 1471 1040 de

197 1123 210 1136 ·
344 1083 470 1171 Aryna,
501 1079 655 1150 Iwanohe
670 1087 702 1148 et
716 1079 847 1148 Nioolai
862 1078 997 1146 iratrmn
1014 1099 1156 1169 suornm,
1187 1078 1322 1147 Comitis
1347 1079 1471 1146 Folkns

344 1192 386 1260 de
409 1187 546 1274 Olralad‚
571 1188 705 1258 Martini
721 1187 763 1256 de
778 1185 1006 1276 Sabakerelry,
1038 1194 1071 1254 et
1086 1186 1272 1270 Bodomerij
1290 1186 1333 1254 de
1349 1187 1470 1272 Diuek,

344 1295 503 1366 dixissent
517 1295 602 1364 inter
617 1296 724 1382 ipsum
740 1296 899 1364 Comitem
914 1293 1108 1363 bliohaelem
1138 1314 1180 1362 ae
1210 1295 1293 1362 tilios
1324 1294 1471 1362 eiusdem
1511 1391 1512 1397 η

344 1403 481 1473 Comitis
494 1401 674 1490 ldiebaelis,
707 1403 795 1471 filios
819 1401 953 1470 Comitis
985 1399 1125 1488 Andree,
1155 1422 1196 1468 ae
1224 1401 1308 1469 filios
1339 1401 1471 1468 Comitis

344 1512 469 1580 'l'home
484 1513 744 1599 supradictorum
761 1513 898 1580 fratrum
914 1532 1043 1581 suornm
1060 1512 1100 1579 de
1115 1511 1280 1580 amieabili
1297 1511 1471 1579 eonoordia

213 1679 217 1695 ,
345 1637 419 1690 esse
433 1619 542 1690 tsliter
557 1618 742 1687 ordinatum
759 1645 768 1686 ε
786 1619 881 1698 Quod
896 1619 1057 1706 possessio
1073 1617 1144 1686 siue
1159 1630 1248 1688 terra
1272 1637 1387 1687 eorum
1418 1621 1469 1686 be·

346 1728 504 1796 reditaria
519 1726 706 1813 Elephanti
720 1735 918 1816 nuncupata,
951 1747 1023 1796 oum
1038 1728 1108 1795 suis
1124 1728 1330 1815 vtilitutibns,
1362 1733 1396 1794 et
1411 1748 1471 1793 mo

345 1835 487 1906 lendinis
501 1855 542 1904 ae
555 1834 765 1924 pertineneijs
781 1836 951 1924 uniuersis,
984 1843 1017 1903 et
1032 1842 1123 1904 terra
1147 1835 1292 1904 Zalekos
1319 1835 1469 1923 emptitia

346 1933 523 2014 eorundem
540 1942 581 2014 de
596 1941 760 2014 Gonirsn
778 1942 950 2031 Nitriensi,
966 1949 999 2011 et
1014 1944 1177 2032 possessio
1193 1943 1265 2013 siue
1281 1951 1371 2012 terra
1385 1945 1470 2030 noy-

346 2051 402 2119 telr
417 2053 551 2120 nomine
565 2052 607 2120 de
622 2050 785 2120 domitetu
802 2051 1003 2139 Posoniensi,
1019 2052 1052 2118 in
1067 2056 1192 2138 partem
1207 2052 1388 2121 eorundem
1396 2053 1470 2120 filio

346 2177 428 2228 rnm'
441 2157 576 2230 domitis
601 2158 733 2228 Andree
763 2159 937 2228 cessissent
968 2157 1002 2227 in
1032 2164 1223 2244 perpetuum
1254 2159 1472 2246 possidende;

346 2269 567 2356 possessiones
584 2288 661 2337 uero
677 2267 748 2336 sine
763 2274 857 2356 terre,
873 2265 1026 2336 videlieet
1041 2267 1252 2351 Feulelaueb,
1267 2269 1380 2354 inqua
1389 2278 1470 2338 esset

347 2376 484 2446 eoelesis
497 2375 610 2444 Sunoti
634 2374 776 2460 Martini,
808 2381 840 2442 et
865 2372 1116 2444 Leustaobl'euld
1148 2374 1280 2463 ibidem,
1313 2384 1346 2446 et
1379 2385 1472 2465 terra,

347 2475 480 2566 qusm'a
495 2481 619 2551 Gemite
633 2480 737 2550 Paulo
752 2482 819 2550 filio
834 2482 922 2549 Petri
953 2488 1091 2568 eognuto
1122 2484 1265 2568 ipsorum
1297 2487 1472 2572 empoionis

348 2586 444 2657 titulo'
460 2608 496 2658 se
519 2591 741 2659 asseruissent
764 2589 939 2660 babuisse:
962 2596 996 2657 et
1026 2596 1114 2658 terre
1145 2591 1276 2679 Gereky
1307 2593 1471 2677 wlgariter

347 2703 544 2786 nunnupata,
575 2705 608 2766 et
624 2705 708 2768 terre
723 2693 889 2766 Podlus'an
914 2705 947 2766 et
976 2697 1066 2766 Beed
1096 2705 1214 2767 uooate
1245 2701 1279 2767 in
1311 2701 1471 2771 Comitatu

348 2804 515 2895 Nitriensi,
533 2811 598 2876 tres
614 2813 699 2874 terre
713 2805 870 2890 Eouebd,
903 2825 1039 2888 quarum
1054 2803 1089 2870 in
1116 2804 1242 2876 duabus
1273 2817 1385 2877 essent
1414 2809 1471 2876 due

350 2913 498 3001 eeolssie,
515 2914 640 2983 scilieet
654 2912 767 2982 Ssnoti
782 2913 871 2981 Petri
887 2919 920 2981 et
935 2913 1046 2981 Sanoti
1058 2913 1209 3000 Spiritus,
1226 2911 1343 3002 Oyfnr,
1360 2915 1470 2984 Beros-

350 3021 453 3110 leuld,
479 3022 604 3111 Dayen,
633 3020 838 3110 Feuldlolua,
868 3021 1032 3110 Perealen,
1063 3028 1098 3089 et
1122 3022 1269 3120 quinque,
1297 3028 1383 3092 terre
1411 3026 1470 3090 Sur

350 3135 474 3216 voeste,
505 3149 546 3197 ex
577 3130 695 3215 quibus
725 3149 803 3198 vna.
816 3134 902 3197 esset
926 3127 1125 3197 hereditaria
1141 3130 1330 3214 eorundem,
1360 3131 1394 3196 in
1410 3151 1470 3214 qna

350 3245 438 3308 esset
453 3236 593 3305 ecelesia
607 3237 719 3305 Saneti
735 3236 915 3323 Michaelis,
932 3236 997 3302 alia
1014 3242 1102 3304 esset
1115 3235 1188 3324 Sur,
1205 3258 1268 3322 que
1285 3244 1373 3307 esset
1387 3259 1469 3323 emp-

350 3345 429 3412 tieia
443 3345 547 3430 ipsius
564 3343 707 3430 Comitis,
723 3353 759 3413 vt
774 3344 978 3430 asseruisset,
993 3341 1043 3433 (a)
1059 3345 1229 3430 Myebaele
1253 3353 1286 3412 et
1316 3342 1470 3414 Bemaldo

351 3452 415 3521 lilio
431 3443 516 3520 les
524 3452 703 3538 jobagione
713 3452 822 3520 (lustri
832 3451 1041 3522 Posoniensis
1051 3472 1109 3539 per
1125 3451 1471 3540 empoionemoptente,

351 3582 415 3646 que
430 3560 516 3628 inter
530 3561 620 3646 ipsos
636 3559 827 3628 diuisionem
843 3561 952 3629 subire
968 3581 1033 3628 non
1048 3561 1189 3644 deberet,
1206 3565 1239 3628 et
1255 3561 1385 3630 residue
1393 3568 1471 3628 terre

350 3670 414 3738 Sur
429 3674 543 3736 vocate
559 3669 746 3753 existerent,
762 3688 844 3754 qnss
859 3667 923 3753 ipsi
938 3673 1006 3735 tres
1023 3667 1141 3736 fratres
1157 3668 1299 3738 Comites
1315 3669 1470 3754 Andreas,

351 3775 501 3865 Myebsel
517 3784 551 3845 et
563 3777 705 3845 Thomas
721 3779 764 3845 ab
780 3776 912 3845 Andrea
927 3775 994 3844 lilio
1010 3777 1126 3844 Jaoobi
1142 3776 1201 3862 filij
1228 3777 1364 3864 Vaynus
1389 3796 1471 3862 emp

352 3883 456 3954 sionis
471 3883 566 3952 tituto
583 3885 823 3972 possedissent,
854 3891 887 3952 et
903 3884 1017 3970 quinta
1043 3890 1132 3951 terra
1163 3883 1236 3968 Sur,
1268 3905 1367 3968 qnam
1393 3883 1471 3969 ipsis

353 3990 533 4059 Comitibus
563 3990 704 4079 Andree,
737 3989 899 4082 Myehaeli
925 3999 957 4059 et
982 3992 1108 4060 Tbome
1124 3991 1209 4059 idem
1225 3990 1376 4060 Andreas
1390 3993 1469 4060 filius

352 4098 468 4166 Jaeobi
494 4092 695 4186 obligasset,
715 4121 778 4185 que
803 4101 889 4168 inter
918 4101 1008 4189 ipsos
1040 4100 1196 4169 Comitem
1221 4099 1409 4168 bliehselen
1441 4109 1472 4167 et

353 4205 438 4276 lilios
455 4225 543 4293 suos,
560 4227 600 4274 ae
615 4206 700 4276 lilios
715 4207 850 4276 Comitis
867 4209 990 4278 'rhome
1006 4215 1040 4277 et
1055 4209 1165 4278 fratris
1181 4209 1230 4277 sui
1241 4211 1384 4294 equalem
1394 4207 1472 4276 diri·

353 4314 478 4384 sionem
495 4315 667 4400 subierint,
692 4319 899 4387 terra'eoium
916 4321 1035 4404 Perna,
1067 4316 1100 4384 in
1132 4339 1198 4404 qna
1228 4323 1314 4386 esset
1341 4318 1471 4384 enclesis

353 4421 456 4488 Beate
470 4420 625 4512 Virginis,
656 4422 840 4494 Sumkurelr
857 4433 889 4493 et
903 4427 1050 4513 Zumule,
1080 4425 1114 4492 in
1130 4444 1196 4510 qus
1225 4432 1312 4494 esset
1341 4424 1472 4494 ecclesio

347 4529 506 4598 similiter
520 4529 622 4600 Beate
636 4531 748 4620 Mario,
765 4533 806 4604 de
822 4534 986 4604 domitore
1001 4533 1201 4620 Posoniensi,
1222 4541 1255 4600 et
1271 4534 1365 4601 vineo
1378 4531 1471 4597 Poso

356 4637 481 4706 niensis
497 4639 649 4729 quedam,
686 4665 782 4727 quam
801 4651 927 4712 teneret
943 4642 1201 4731 Peregurpergb,
1234 4642 1276 4710 de
1290 4661 1351 4726 qne
1372 4637 1472 4706 eidem
1552 4674 1556 4685 ·
