3096 5202
807 1065 884 1136 237.

61 1319 64 1326 ,
165 1333 167 1342 ,
277 1267 450 1336 AReichu
475 1263 657 1345 szlaconiui
672 1269 793 1332 odrice
824 1267 946 1332 tartozd
975 1267 1204 1354 praetulisset
1226 1268 1315 1352 jopu
1346 1263 1408 1330 IV.

338 1375 458 1470 Mszld
472 1371 585 1460 eirulp
602 1373 743 1442 1279-lt
753 1373 1054 1463 privilegiumdnale
1069 1373 1216 1461 alapjdo.
1241 1374 1345 1441 1279.

384 1567 453 1638 Nos
482 1567 636 1638 Nicolsur
667 1568 710 1640 de
728 1567 818 1640 Gora
846 1570 951 1658 Regni
981 1567 1149 1656 Hungsrie
1180 1569 1359 1640 Palatinus
1375 1576 1410 1638 et

277 1678 384 1749 Jndex
401 1677 624 1765 comanorum,
639 1699 700 1748 nec
716 1701 780 1749 non
805 1681 922 1749 Comes
950 1680 1066 1748 Petrus
1096 1678 1138 1746 ds
1164 1678 1269 1746 Peren
1299 1675 1414 1746 Judcx

279 1787 375 1855 Curis
405 1785 613 1860 Serenissimi
643 1794 675 1854 et
697 1787 862 1875 blegnitiei
879 1787 1038 1874 Principis
1063 1785 1184 1854 domini
1199 1783 1415 1872 Sigismnndi,

204 1943 208 1948 -
278 1893 339 1963 Dei
356 1893 467 1980 grecia
484 1895 703 1964 Romanorum
720 1896 819 1982 Regis
837 1895 975 1983 Semper
1004 1893 1152 1980 Augusti,
1169 1911 1209 1960 se
1239 1891 1414 1978 Hougsric

279 2011 341 2072 etc.
357 2004 469 2090 Regis,
494 2001 648 2072 memorie
678 2001 939 2072 commendantes
959 2007 1073 2070 tenore
1091 2001 1292 2087 presencium
1309 2001 1415 2086 sigui·

281 2111 415 2180 ficamus
440 2111 557 2196 quibus
588 2111 721 2197 expedit
752 2111 939 2180 universis:
972 2107 1059 2194 qnod
1090 2129 1163 2177 cum
1193 2107 1283 2176 lilius
1325 2107 1416 2178 fitius

282 2216 424 2306 ltiyhech
454 2219 496 2288 de
526 2218 656 2286 Wslikc
685 2219 801 2288 Comes
830 2218 1008 2288 Tenessis
1039 2217 1250 2305 Rcychensis,
1265 2235 1329 2285 nso
1346 2237 1413 2285 uon

186 2361 189 2374 ·
283 2325 456 2396 Ledislons
474 2327 560 2396 tilius
590 2327 763 2395 Michaelis
794 2328 835 2396 ds
865 2326 1101 2414 Fodorostyns,
1119 2332 1152 2393 et
1182 2325 1297 2392 Petrus
1328 2323 1417 2392 tilios

281 2433 369 2512 Petri
400 2433 528 2502 Ohvroh
559 2435 600 2502 de
632 2436 824 2519 Pribenoeh,
853 2439 888 2504 in
919 2456 1028 2504 eorum
1059 2453 1100 2502 eo
1129 2431 1357 2504 uniuersorum
1385 2437 1418 2499 ct

284 2542 484 2626 singulorum
501 2541 700 2611 Prcdielium
717 2549 750 2611 et
778 2543 941 2612 Nobilium
972 2541 1081 2612 Oostri
1109 2538 1310 2628 Reychensis
1343 2559 1417 2626 per·

284 2649 373 2720 sonis
405 2645 536 2720 domino
569 2658 679 2721 nostro
709 2651 917 2738 sigismundo
931 2650 1025 2736 Regi,
1042 2650 1077 2718 in
1092 2668 1142 2737 eo,
1155 2647 1245 2733 qood
1259 2649 1414 2734 quamvis

284 2759 347 2844 ipsi
364 2765 396 2826 et
412 2757 550 2845 quilibet
569 2780 677 2828 eorum
708 2759 871 2844 prediotes
887 2766 920 2828 et
948 2757 1076 2829 nobiles
1101 2755 1300 2844 jobugiones
1333 2757 1416 2824 cm-

282 2872 408 2935 trenses
438 2867 618 2955 existendo,
649 2887 708 2954 per
733 2866 825 2936 diuos
855 2869 963 2954 Reges
989 2865 1167 2952 hungarie,
1191 2869 1326 2952 propter
1342 2883 1418 2951 pre·
1536 2919 1540 2927 .

284 2976 377 3046 olera
406 2975 648 3062 progenitorum
680 2995 789 3044 eornm
822 2974 1030 3044 seruiciornm
1061 2973 1177 3041 merito
1214 2967 1421 3058 specialibus

284 3083 468 3152 libertatum
499 3084 716 3172 prerogotinis
732 3089 765 3150 et
779 3081 937 3168 grauioris
963 3080 1109 3162 indultis,
1125 3081 1238 3166 vigore
1253 3085 1419 3148 certorum

287 3189 476 3257 litteralium
494 3191 780 3258 instrumentorum
811 3189 929 3258 exindo
959 3188 1178 3258 coniectorum
1208 3186 1355 3256 fuissent
1386 3193 1420 3256 et
1534 3215 1537 3223 ·

288 3303 399 3364 essent
414 3297 594 3384 presigniti,
612 3296 799 3382 eisdemque
813 3317 835 3364 ιι
851 3303 1005 3385 tempore,
1022 3295 1115 3364 cuius
1134 3294 1335 3364 eontrarium
1353 3314 1420 3362 nos

285 3406 449 3491 existeret,
467 3405 510 3471 nd
527 3405 628 3473 inslur
643 3404 834 3492 predialinm
851 3411 882 3473 et
908 3403 1065 3472 nobilium
1093 3421 1244 3471 verorum
1260 3407 1294 3468 ct
1324 3407 1421 3470 ustu-

286 3513 401 3580 rolium
433 3514 646 3580 serviencium
678 3513 860 3598 Regslium,
891 3511 978 3580 vltru
993 3513 1138 3583 Drouum
1158 3511 1419 3593 constitutorum,

287 3625 320 3686 et
335 3619 428 3687 iuxta
444 3617 628 3688 eorumdem
658 3621 826 3690 libertates
841 3617 892 3687 vsi
922 3617 1064 3686 luissent
1080 3622 1112 3683 et
1142 3615 1260 3704 ganisi,
1291 3615 1422 3702 fruique

287 3728 441 3795 deberent
472 3727 514 3794 do
528 3726 597 3795 iure
629 3732 661 3794 et
676 3728 837 3814 goudere3
860 3725 1089 3794 nichilominus
1120 3729 1229 3792 tumen
1254 3722 1420 3791 Martinus

288 3831 394 3902 dictus
411 3835 492 3901 Ders
508 3833 550 3901 de
575 3832 753 3903 Zeredshcl
784 3833 942 3901 litteralia
971 3852 1081 3903 eorum
1112 3831 1324 3917 munimento,
1356 3849 1423 3916 qus

288 3939 376 4028 spud
406 3961 443 4010 se
462 3941 642 4028 habuisset,
672 3943 823 4011 mnnibns
854 3941 922 4010 suis
950 3937 1164 4028 vendicantis,
1196 3948 1228 4008 et
1249 3939 1421 4026 premissis

291 4069 400 4116 eorum
432 4047 640 4117 libertatibus
670 4049 896 4117 fraudulenter
925 4048 1061 4116 obuinre
1090 4046 1318 4135 machinando,
1347 4057 1421 4116 tem

287 4156 361 4242 ipse
390 4156 548 4225 Martinus
579 4159 674 4242 Deru,
705 4173 802 4245 qnam
834 4156 962 4224 demum
988 4155 1106 4224 nobilis
1124 4152 1258 4224 domino
1273 4174 1420 4241 consors,

286 4285 349 4334 neo
364 4285 428 4333 nou
445 4265 502 4350 iilij
519 4272 552 4332 et
568 4265 761 4334 adherentes
776 4263 881 4352 ipsius
898 4265 1027 4333 Martini
1040 4266 1135 4354 Ders,
1165 4265 1256 4352 ipsos
1287 4263 1418 4332 mobiles

288 4374 394 4443 (lustri
427 4371 563 4459 predicti
593 4373 733 4443 diuersis
764 4374 974 4459 pecuniarum
1006 4379 1039 4441 et
1054 4373 1130 4458 alijs
1161 4373 1257 4459 texis,
1274 4391 1419 4442 necnon

288 4480 402 4568 dsciJ's,
419 4481 656 4571 exaccionihnr,
673 4487 705 4549 et
719 4481 880 4570 sernioijs,
896 4501 974 4566 sepe
989 4481 1157 4566 replicetis
1178 4479 1306 4550 uicibus
1323 4478 1369 4548 eis
1387 4485 1421 4546 et

290 4608 401 4655 eorunm
432 4590 569 4674 siugulis
602 4587 772 4676 impositis,
789 4594 822 4657 et
837 4590 880 4656 ob
896 4587 942 4657 eir
968 4589 1092 4658 exectis
1108 4596 1142 4656 et
1158 4587 1309 4675 extorsis,
1325 4589 1427 4658 certio

290 4698 392 4766 coium
409 4699 680 4786 possessionibus,
697 4705 730 4766 et
745 4697 951 4784 porcionibus
979 4697 1249 4784 possessionsriJs
1282 4697 1418 4768 nonnul,
