3142 5198
860 375 1019 476 Q

375 569 537 658 vultune,
551 569 664 638 villam
680 552 790 655 Bost,'
800 570 913 638 vitiam
948 573 1053 654 Egrus
1069 580 1102 640 et
1132 571 1282 658 Harasty
1313 578 1466 660 uocatas,
1485 575 1517 641 iu

374 676 512 760 hijsdem
538 678 634 744 metis
651 686 684 744 et
699 676 854 762 terminis,
872 684 991 744 etcum
1008 678 1204 747 utilitatibus
1223 680 1373 749 omuibus
1391 700 1513 749 earum

375 783 461 870 dem,
481 784 598 869 quibus
624 786 666 852 ab
696 785 831 867 antiqno
863 783 1087 871 possedemut,
1118 784 1201 854 dixit
1230 784 1422 855 uendidisse
1455 809 1515 875 pro

373 889 592 976 quadraginta
624 892 751 960 duabus
781 892 899 959 marcis
919 893 1201 978 predictocomiti
1216 893 1324 962 Ochuz
1343 895 1378 961 in
1395 915 1514 982 perpe

374 1007 462 1066 tuum
495 998 728 1085 possidendas;
754 999 794 1067 de
826 1000 942 1084 quibus
974 999 1196 1086 quadraginta
1227 1001 1354 1071 duabus
1386 1004 1512 1070 marcis

377 1104 492 1188 viginti
520 1106 603 1175 duas
620 1125 745 1174 marcas
761 1108 919 1192 Magister
934 1108 1043 1175 Buzad
1059 1129 1081 1176 a
1096 1107 1220 1175 Comite
1236 1107 1346 1176 Ochuz
1362 1111 1512 1178 asseruit

375 1213 554 1300 accepisse,
570 1214 686 1298 viginti
712 1236 788 1283 vero
819 1234 947 1283 marcas
977 1215 1142 1301 predictus
1174 1215 1289 1284 Comes
1319 1216 1437 1284 Ochuz
1469 1217 1509 1282 ab

378 1321 502 1388 octauis
528 1321 639 1389 Sancti
669 1322 828 1390 Jobannis
843 1323 991 1409 Baptista
1007 1324 1041 1391 in
1059 1325 1172 1407 quinta
1188 1324 1370 1390 ebdomada
1386 1325 1508 1407 Magis

377 1433 426 1494 tro
442 1427 553 1496 anad
585 1449 694 1496 coram
727 1430 817 1496 nobis
848 1431 1034 1517 persoluere
1063 1431 1232 1500 tenebitur.
1261 1431 1332 1497 Hoc
1364 1431 1506 1514 adiecto,

374 1534 461 1617 quod
491 1538 521 1604 si
553 1535 635 1605 forte
665 1536 736 1622 ipso
767 1539 1027 1624 appropinquate
1056 1538 1193 1606 termino
1224 1536 1341 1606 Oomes
1391 1537 1504 1604 Ochus

376 1645 466 1725 ipsas
498 1643 614 1730 viginti
648 1663 776 1712 marcas
810 1666 874 1712 uon
909 1647 1135 1730 persolueret3
1169 1646 1294 1714 amittet
1335 1647 1504 1731 pecuniam

374 1752 463 1837 prius
494 1747 712 1838 persolutam
737 1753 790 1820 vel
822 1755 851 1820 si
882 1755 1037 1837 Magister
1066 1753 1178 1821 Bnuad
1209 1754 1252 1819 ad
1285 1753 1502 1839 recipiendam

373 1861 480 1944 ipsam
496 1858 667 1944 pecuniam
683 1880 747 1927 non
763 1860 942 1946 accederet,
959 1869 1096 1929 autnon
1113 1861 1355 1950 transmitteret,
1386 1869 1499 1930 extunc

375 1967 489 2034 Comes
521 1965 633 2034 Ochuz
662 1987 720 2053 pro
752 1967 818 2034 illis
851 1969 915 2034 XX
947 1967 1074 2036 duabus
1091 1969 1208 2035 marcis
1225 1969 1316 2054 prius
1332 1971 1501 2054 persolutis

375 2080 568 2140 memoratas
595 2080 711 2154 quatur
742 2072 842 2141 villas
873 2072 1065 2159 possidebit.
1096 2075 1165 2143 Neo
1195 2074 1256 2140 huc
1288 2076 1498 2159 pretermisso,

373 2179 460 2263 qnod
490 2179 520 2246 si
551 2179 706 2262 Magister
738 2181 848 2247 Burad
879 2201 937 2264 per
967 2181 1101 2248 formam
1134 2183 1217 2266 legis
1250 2182 1341 2268 ipsas
1366 2189 1498 2264 quatuor

374 2287 473 2354 villas
498 2285 614 2356 (iomiti
642 2287 750 2354 Ochus
781 2287 937 2355 uenditas
967 2308 1098 2356 seruare
1129 2309 1195 2354 non
1226 2297 1358 2373 pusset;
1385 2298 1495 2358 extunc

373 2395 416 2461 de
427 2394 568 2482 proprijs
586 2395 845 2481 possessionibus
861 2397 940 2479 suis,
956 2397 1079 2464 scilicet
1096 2395 1137 2462 de
1153 2389 1277 2477 Piiske,
1307 2397 1350 2464 de
1382 2397 1493 2480 anad,

374 2502 415 2568 de
430 2501 495 2569 fine
510 2502 628 2589 pontis,
645 2504 696 2570 vel
715 2501 757 2570 de
782 2503 890 2570 fundis
921 2503 1158 2589 mancipiorum
1189 2523 1319 2570 suorum
1351 2505 1493 2590 supplere

374 2610 541 2682 tenebitur.
557 2613 679 2678 Datum
695 2611 729 2676 in
746 2611 871 2678 octarus
891 2611 1003 2680 Sancti
1020 2611 1181 2679 iohannis
1198 2611 1357 2695 Baptiste.

482 2719 613 2785 Kivttl
631 2742 638 2782 :
656 2719 759 2806 Super
780 2717 970 2787 condicione
1001 2727 1141 2804 quatuor
1171 2718 1322 2785 villarum
1349 2721 1382 2784 in
1413 2719 1489 2785 Oita·

373 2824 451 2892 ruch
468 2824 687 2912 existenuium,
704 2845 762 2911 pro
778 2827 904 2894 Comite
919 2827 1038 2895 Ochus.

376 3023 515 3083 (Eredetie
535 3023 718 3090 bttrhtrtydn,
738 3039 755 3075 a
773 3024 869 3090 pecsdt
887 3027 1041 3088 elveszett;
1060 3039 1078 3075 a
1095 3023 1180 3076 budai
1198 3024 1252 3075 kin.
1271 3024 1386 3076 kamsra
1413 3021 1486 3074 lerdi-

875 3115 997 3178 tarban.)
