3142 5198
822 345 986 476 go

344 577 462 646 mando
478 576 680 660 innuamus,
712 570 874 660 duppliois
900 570 1003 653 sigilli
1033 571 1134 639 nostri
1165 568 1344 638 munimine
1377 566 1465 631 robo-

344 682 456 754 rando.
479 685 676 767 statuentes,
702 687 737 746 nt
752 677 795 748 da
811 683 916 746 eetero
931 678 1044 745 eedem
1059 698 1184 748 sorores
1199 681 1241 750 de
1255 687 1371 756 Insula
1395 671 1466 756 Vir·

344 791 433 880 ginis
449 788 599 858 Gloriosa
628 789 733 874 ipsum
763 785 919 854 tributum
949 783 1011 854 lori
1042 804 1116 853 eum
1146 788 1213 856 suis
1246 793 1465 882 pertineneijs,

344 907 441 992 prout
455 919 513 988 per
539 899 660 966 dietum
692 894 764 983 (lgy
782 895 986 963 ›dominum‹
1004 892 1143 983 helyett)
1173 897 1287 966 Boiam
1319 902 1466 970 inolitum

342 1013 465 1096 Regem
481 1007 651 1092 Hungarie
667 1010 716 1072 est
731 1003 895 1090 eollatnm,
926 1007 1081 1088 perpetuo
1098 1011 1131 1070 et
1145 1003 1281 1088 paeilioe
1298 1009 1466 1095 possidere

343 1119 480 1188 valeant
496 1121 529 1182 et
544 1114 685 1196 hebere3
710 1117 889 1196 eassantes,
913 1110 1092 1195 irritantes,
1116 1111 1209 1180 irrita
1224 1133 1264 1181 ao
1282 1117 1398 1184 inania
1413 1117 1465 1184 la·

344 1227 460 1294 bentes
484 1223 592 1290 omnia
615 1219 800 1306 priuilegia,
831 1217 1030 1286 munimenta
1045 1226 1078 1284 et
1093 1219 1227 1308 litteras,
1260 1225 1289 1290 si
1305 1245 1370 1311 que
1385 1223 1467 1313 (per)

345 1335 433 1402 eines
448 1329 616 1400 Budenses
634 1327 765 1397 racione
781 1324 999 1394 nundinarum
1015 1326 1103 1395 eirea
1134 1326 1250 1398 festum
1282 1331 1468 1400 Natiuitatis

344 1439 488 1525 Virginis
503 1439 652 1507 Gloriosa
668 1433 942 1518 eelebrandarnm,
959 1437 1013 1504 uel
1029 1437 1097 1504 alia
1114 1455 1319 1524 quatumque
1328 1445 1465 1528 rasione,

345 1567 546 1634 quoeunque
560 1544 655 1612 morlo
671 1551 728 1612 aut
752 1543 881 1628 ingenio
912 1543 1073 1627 inpetrata
1103 1531 1233 1612 inerunt
1264 1553 1297 1613 et
1329 1550 1467 1616 obtenta.

344 1655 418 1724 Non
433 1655 635 1723 obstantibus
651 1653 756 1720 eniam
771 1652 890 1720 litteris
908 1635 1098 1720 conuentus
1107 1651 1270 1740 Sororum,
1288 1661 1322 1722 et
1337 1657 1465 1724 Prouin-

345 1767 436 1836 oialis
452 1764 571 1834 Prioris
588 1765 736 1831 Fratrum
747 1761 1002 1842 Predieatorum,
1019 1760 1144 1828 oinibus
1154 1762 1365 1832 Budensibus
1374 1783 1468 1831 eausa

345 1873 528 1944 ooaeeionis
543 1873 614 1940 siue
630 1877 735 1938 metus
751 1888 996 1954 eonoessarum;
1022 1887 1094 1938 oum
1109 1889 1220 1939 omnes
1234 1871 1366 1940 litteras
1383 1875 1468 1958 inpa-

346 1991 419 2052 eato
434 1988 580 2067 ternpore
596 1976 719 2046 domini
735 1977 882 2046 Ladirlai
898 1977 997 2062 Regis
1022 1997 1123 2046 eausa
1152 1985 1257 2046 metus
1290 1985 1466 2064 emanatas,

347 2094 380 2159 in
398 2089 552 2159 Generali
568 2086 833 2174 Gongrogaeione
857 2092 979 2172 nostra,
1011 2105 1052 2152 ex
1083 2087 1242 2155 eonsensu
1273 2095 1308 2156 et
1339 2085 1466 2154 oonsilio
1544 2072 1547 2080 ¹

346 2197 681 2284 archiepiscoporum,
713 2197 956 2284 Episoopornm,
990 2193 1153 2262 Beronum
1185 2204 1218 2262 et
1247 2196 1466 2264 uniuersorum

346 2307 510 2376 Nobilium
526 2303 630 2390 Regni
655 2303 766 2390 nostri,
798 2305 852 2388 qui
878 2302 1128 2387 eongragaeioni
1159 2311 1270 2372 nostre
1300 2309 1467 2392 presentes

345 2416 513 2499 adherant,
545 2411 802 2482 ordinarerimus
817 2417 849 2480 et
863 2411 1084 2494 statuerimus,
1116 2411 1237 2479 nullius
1253 2411 1325 2479 fore
1340 2411 1468 2478 firmita-

345 2523 397 2589 tis.
419 2520 614 2590 Ordinantes
629 2527 660 2587 et
677 2527 866 2604 statuentes,
896 2525 933 2585 nt
948 2517 1216 2604 quandocumque
1232 2527 1265 2586 et
1280 2538 1340 2604 per
1364 2536 1468 2601 quem·

345 2647 479 2713 eumque
495 2625 608 2712 littere,
624 2625 799 2712 priuilegia
815 2631 848 2694 et
864 2625 979 2710 queuis
1004 2624 1217 2694 instrumenta
1248 2645 1467 2710 quorumeun-

346 2755 407 2822 que
422 2739 455 2804 in
472 2737 668 2804 eontrarium
685 2735 833 2802 uenerint
848 2735 901 2801 uel
918 2733 1063 2804 exhibita
1079 2733 1209 2822 fuerint,
1240 2733 1366 2802 uiribus
1384 2753 1466 2800 onra-

346 2849 415 2930 ant,
430 2850 621 2913 reuoeentnr
635 2843 669 2910 in
693 2843 831 2929 irritum,
863 2847 896 2909 et
925 2842 1045 2910 nullius
1075 2843 1203 2929 penitus
1233 2843 1300 2910 sint
1331 2840 1464 2926 uigoris;

346 2951 428 3038 ipsis
444 2951 570 3020 oiuibns
586 2950 801 3036 Budensibus,
831 2957 866 3018 et
880 2951 956 3036 aliis
980 2950 1129 3019 omnibns
1159 2951 1201 3018 da
1231 2957 1343 3020 oetero
1374 2967 1465 3036 super

346 3059 433 3128 teoto
449 3058 536 3127 dieto
551 3059 663 3136 tributi
679 3058 849 3127 silenoium
866 3066 1056 3146 perpetuum
1072 3059 1273 3145 inponentes.
1315 3057 1355 3128 In
1380 3057 1464 3124 euius

346 3169 394 3236 rei
409 3167 598 3236 memoriam
617 3174 868 3254 perpetuamque
893 3167 1080 3235 firmitatem
1110 3173 1279 3253 presentes
1312 3168 1465 3236 eoncessi-

350 3295 421 3343 mus
430 3277 556 3344 litteras
567 3274 726 3362 dupplieis
735 3274 840 3359 sigilli
855 3275 958 3342 nostri
968 3274 1146 3343 munimine
1154 3275 1336 3344 roboratas.
1351 3277 1464 3343 Datum

346 3402 535 3470 parmenus
552 3381 684 3450 disereti
700 3381 761 3449 viri
777 3381 926 3465 Magistri
951 3382 1112 3452 Theodori
1141 3383 1294 3450 albensis
1326 3382 1465 3451 Eoolesie
1549 3386 1555 3401 “

346 3489 516 3578 Propositi,
532 3489 607 3558 aule
622 3497 732 3558 nostre
747 3489 1033 3580 VieeOanoellarij,
1048 3493 1159 3559 dileoti
1175 3499 1207 3558 et
1222 3491 1330 3560 fidelis
1356 3491 1462 3578 nostri,

346 3617 433 3666 anno
448 3597 586 3666 Domino
602 3596 722 3666 M⁰GO⁰
736 3601 948 3686 nonagesimo
972 3599 1278 3687 primo,²rndaoimo
1306 3599 1463 3669 kalendas
1550 3604 1555 3613 '

346 3706 504 3795 Ootobris,
519 3707 624 3792 Regni
640 3713 748 3776 autem
764 3709 867 3778 nostri
882 3729 967 3776 anno
984 3709 1136 3777 seeundo.

345 3906 486 3974 (Eredetie
504 3907 690 3974 borhtrtysim
721 3925 739 3960 a
756 3909 909 3972 kiralynak
927 3908 1105 3974 sarge-veros
1124 3908 1362 3978 selyemnsinbron
1379 3907 1462 3972 siggo

504 3997 627 4066 peosetje
646 4000 734 4066 alatt;
753 4015 770 4051 a
788 3998 874 4052 budai
892 3999 944 4052 lain.
963 3999 1092 4052 kamarei
1111 3997 1306 4062 lavelttrban.)

768 4285 1036 4298 -ι--ι-κιιι
