3102 5196
763 361 768 368 ’
866 399 1026 500 „as-4-

379 589 490 662 nentui
506 590 548 660 de
564 591 715 660 'I'huroch
731 591 880 662 dedimus
898 595 930 662 in
947 595 1122 678 mandatis,
1136 601 1171 664 vt
1187 595 1324 663 Nicolao
1341 593 1451 662 Oomiti
1462 595 1497 660 de
1517 644 1520 654 .

379 699 507 766 Zolium
524 721 623 768 vnum
641 721 682 769 ex
696 700 778 788 ipsis
797 703 899 770 virum
915 703 1066 773 idoneum
1085 703 1201 772 darent
1226 725 1284 793 pro
1315 701 1496 783 testimonio,

380 827 489 876 coram
507 829 569 896 quo
586 808 672 877 idem
688 812 804 880 (tomes
818 811 975 880 Nicolacs
992 814 1180 882 conuocatis
1197 814 1314 882 vicinis
1332 821 1495 880 etoomme·
1518 823 1523 831 ·

379 915 485 984 unco
503 916 647 986 eiusdem
663 925 759 1006 terre,
775 917 955 1004 predictam
971 926 1092 988 terram
1108 925 1266 987 statueret
1277 919 1382 986 eidem
1393 915 1496 984 Oonriti
1525 909 1526 1002 j

381 1022 489 1107 Petro,
520 1023 548 1092 si
565 1044 629 1091 non
660 1023 751 1094 lieret
782 1025 1034 1095 contradictum:
1058 1025 1101 1093 ad
1134 1035 1277 1096 cosham
1309 1025 1523 1114 presenciam·

381 1133 638 1201 contradictores
655 1133 698 1201 ad
714 1135 885 1202 terminum
902 1141 1137 1222 competentem
1153 1137 1332 1205 enecando.
1367 1133 1428 1215 Qui
1452 1131 1496 1200 dc·

381 1259 467 1306 mum
485 1239 577 1307 nohis
593 1240 839 1330 rescripserunt,
866 1244 1040 1328 quodcum
1073 1244 1186 1311 eodem
1217 1242 1343 1311 comite
1372 1241 1520 1309 Nicolao'

382 1369 480 1416 vnum
498 1367 539 1416 ca
554 1347 634 1434 ipsis
648 1350 752 1417 virum
768 1349 919 1420 idoneum
936 1372 995 1439 pro
1011 1351 1196 1419 testimonio
1211 1351 1443 1438 destinassent,
1470 1357 1497 1417 at

380 1454 452 1542 ipse
468 1456 582 1524 Cornea
597 1457 757 1525 Nicolans
772 1457 952 1543 predictam
968 1466 1085 1528 terram
1113 1458 1299 1527 conuocatis
1324 1458 1441 1525 vicinis
1468 1463 1495 1522 et
1525 1505 1526 1508 ,

380 1565 611 1634 commetaneis
627 1564 773 1632 eiusdem
790 1573 876 1633 terre
891 1565 977 1634 dioto
994 1565 1110 1634 comiti
1125 1565 1220 1633 Petro
1237 1565 1410 1634 statuisset
1418 1565 1497 1631 nnllo

380 1671 509 1757 penitus
534 1671 772 1740 contradictore
802 1672 971 1742 existente.
1010 1673 1078 1742 Nos
1110 1673 1210 1758 igitur
1241 1673 1295 1758 qni
1328 1693 1371 1740 ex
1402 1671 1496 1740 officio

380 1781 523 1868 suscepti
538 1779 707 1865 regiminis
723 1779 828 1848 metiri
845 1781 1000 1850 debemus
1017 1783 1132 1850 merita
1160 1782 1372 1868 singulorum,
1406 1779 1496 1846 consi-

381 1888 533 1956 derantes
548 1887 747 1975 multiplices
764 1893 797 1955 et
813 1887 996 1959 laudabiles
1030 1889 1203 1958 famulatus
1234 1889 1340 1975 ipsius
1374 1887 1495 1956 Comitis

381 1995 479 2084 Petri,
495 2015 559 2080 que
574 1996 666 2064 nohis
682 2014 755 2064 cum
770 2015 897 2063 summa
912 1995 1008 2063 laudo
1024 1998 1176 2065 virtutum
1197 1994 1337 2062 fideliter
1364 1995 1495 2062 exhihuit

380 2107 413 2168 et
429 2100 554 2188 deuote,
571 2103 606 2168 in
621 2103 957 2187 recompensacionem
972 2101 1116 2170 fidelium
1132 2111 1165 2171 et
1195 2099 1411 2169 laudabilium
1440 2121 1495 2168 ser·

380 2207 535 2277 niciorum
551 2209 655 2296 ipsius
671 2208 804 2277 Comitis
820 2203 907 2277 Petri
924 2211 1104 2296 predictam
1120 2217 1238 2279 terram
1254 2230 1328 2278 cum
1356 2209 1493 2277 omnihus

380 2315 576 2384 utilitatibus
592 2325 625 2385 ct
639 2318 847 2403 pertinenciis
863 2318 931 2387 scis
947 2317 1107 2386 uniuersis
1123 2316 1225 2384 eidem
1256 2316 1376 2386 domiti
1408 2316 1492 2384 Patro
1519 2312 1524 2321 '

379 2431 413 2491 et
426 2423 494 2492 suis
510 2422 681 2492 heredibus
696 2424 912 2511 heredumque
935 2447 1066 2494 suorum
1098 2424 1337 2494 suecessoribus
1356 2425 1490 2494 dedimus

380 2533 575 2601 contulimus
591 2543 689 2618 atque
705 2535 899 2605 tradidimus
911 2534 987 2621 jure
1003 2541 1161 2622 perpetuo
1186 2541 1219 2600 et
1244 2534 1491 2602 irreuocahiliter

381 2641 629 2730 possidendam
652 2643 824 2714 inducente
840 2643 944 2712 eciam
959 2664 1019 2712 nos
1036 2648 1069 2712 et
1079 2651 1227 2712 mouente
1238 2643 1280 2710 ad
1291 2643 1491 2712 collationem

380 2751 529 2837 predicte
545 2757 629 2820 terre
645 2750 830 2818 faciendam
847 2751 1033 2821 donacione
1048 2771 1105 2820 seu
1131 2751 1313 2819 tradicione
1339 2751 1490 2820 cuiusdam

380 2860 453 2944 equi
470 2858 544 2944 pelo
560 2855 675 2946 (pejld)
692 2859 809 2926 coloris
826 2858 884 2926 alti
899 2859 1012 2948 precij,
1030 2879 1125 2944 quem
1142 2859 1242 2945 Regio
1254 2866 1369 2944 aptum
1389 2865 1490 2925 etuou·

380 2987 495 3054 gruum
511 2964 671 3034 Maiestati
687 2966 730 3034 ab
746 2968 860 3036 eodem
875 2967 1064 3055 recepimus,
1095 2966 1169 3053 ipso
1184 2966 1298 3034 eodem
1313 2973 1424 3034 nosne
1445 2983 1488 3030 uo

380 3077 499 3144 lentati
516 3082 549 3143 et
562 3073 716 3163 peticioni
731 3076 765 3143 in
780 3075 961 3146 tradicione
977 3076 1078 3163 ipsius
1094 3075 1171 3160 equi
1202 3096 1274 3144 oum
1306 3073 1487 3144 liberalitate

379 3185 515 3252 fideliter
531 3189 727 3252 occurrente.
752 3184 850 3253 Ocius
865 3185 995 3269 quidem
1011 3191 1099 3252 terre
1115 3189 1209 3268 mota,
1226 3189 1321 3268 prout
1335 3183 1371 3248 in
1387 3178 1490 3248 litteris

377 3291 539 3380 Prepesiti
555 3299 587 3360 et
603 3292 789 3361 Ocnnentns
804 3291 946 3360 vidimus
963 3290 1130 3378 contineri,
1159 3291 1220 3358 hoc
1242 3291 1359 3357 ordine
1390 3287 1514 3394 nisum

378 3407 497 3486 guntur
513 3425 521 3467 :
538 3401 647 3468 Prima
662 3407 748 3468 meta
762 3399 912 3488 incipite
937 3407 1029 3487 parte
1061 3399 1212 3468 orientali
1241 3397 1328 3466 inter
1359 3395 1447 3482 alpes
1473 3413 1490 3458 a

377 3509 485 3596 eapite
499 3507 588 3578 fluuii
603 3510 805 3596 Bystrycha3
829 3509 907 3577 inde
924 3529 982 3596 per
997 3509 1103 3578 siluas
1119 3508 1209 3577 venit
1233 3505 1278 3576 ad
1302 3506 1417 3592 locum,
1444 3501 1489 3586 qni

377 3615 494 3686 dicitur
508 3615 731 3702 Tempnekuh
753 3616 829 3684 hinc
855 3615 1023 3684 descendit
1053 3615 1098 3684 cd
1127 3616 1275 3684 arborem
1307 3612 1369 3699 piri
1401 3627 1489 3693 usqne

377 3731 483 3794 metas
498 3721 578 3792 ville
607 3723 744 3806 Notser3
768 3723 846 3792 inde
876 3721 1044 3794 deseendit
1074 3745 1132 3810 per
1161 3723 1249 3791 viam
1280 3721 1325 3790 ad
1354 3720 1489 3788 arboren

378 3831 483 3919 tulgfa
496 3837 663 3913 vocatam3
686 3830 763 3900 inde
779 3831 1025 3917 perantiquam
1039 3833 1126 3900 viam
1157 3831 1309 3900 limosam
1341 3823 1490 3896 descendit

378 3961 480 4028 usque
495 3958 647 4026 magnam
664 3938 760 4027 uam,
782 3959 845 4026 que
861 3946 912 4008 est
926 3939 1214 4027 propcecclesiam
1230 3935 1324 4004 Beati
1335 3929 1487 4002 Michaelis

377 4049 418 4118 ad
435 4051 555 4118 iactum
571 4046 713 4135 lapidis;
737 4047 783 4115 ibi
806 4047 956 4117 saliendo
982 4047 1087 4134 ipsam
1117 4047 1203 4115 mam
1235 4048 1270 4112 in
1302 4040 1487 4128 longitudine

377 4156 471 4224 unius
487 4155 609 4241 ingeris
625 4153 715 4225 cadit
729 4153 773 4222 ad
788 4154 921 4224 fluuium
937 4153 1177 4240 Semovicham,
1193 4151 1285 4219 vadit
1300 4151 1344 4219 ad
1359 4147 1484 4218 calidam

375 4283 495 4350 aquarn
505 4261 841 4349 ‘leplichavocatum3
858 4261 935 4330 inde
946 4259 1050 4330 eciam
1068 4279 1126 4347 per
1141 4259 1274 4328 fluuium
1290 4253 1483 4327 Sernuuicha

376 4393 490 4460 parum
505 4370 712 4441 ascendendo
729 4369 796 4438 exit
812 4369 854 4436 ad
872 4368 1069 4439 occidentem
1086 4377 1119 4436 et
1151 4367 1242 4436 uadit
1272 4362 1316 4434 ud
1346 4377 1485 4449 magnam

376 4481 473 4568 viana
489 4487 522 4550 et
536 4479 583 4546 ibi
599 4483 689 4548 tenet
703 4489 807 4547 metas
824 4498 896 4545 curn
912 4477 992 4546 villa
1018 4475 1171 4562 (iosmas3
1194 4464 1318 4542 ibidem
1351 4465 1483 4543 saliendo

375 4589 481 4675 ipsam
497 4588 581 4656 viam
599 4606 658 4673 per
673 4592 776 4655 metas
793 4593 825 4654 et
840 4584 995 4653 terminos
1010 4581 1103 4652 vadit
1119 4583 1162 4650 ud
1177 4582 1319 4650 riuulum
1337 4580 1484 4665 Buhupne

374 4703 542 4786 vocatum5
566 4693 643 4763 inde
659 4691 751 4762 vadit
765 4689 810 4761 ad
824 4700 952 4778 partem
967 4689 1214 4760 meridionalem
1232 4689 1275 4758 ad
1307 4687 1418 4756 aduam
1446 4677 1482 4748 sd
