<?xml version="1.0" encoding="UTF-8"?>
<!DOCTYPE html PUBLIC "-//W3C//DTD XHTML 1.0 Transitional//EN"
    "http://www.w3.org/TR/xhtml1/DTD/xhtml1-transitional.dtd">
<html xmlns="http://www.w3.org/1999/xhtml" xml:lang="en" lang="en">
 <head>
  <title>
</title>
<meta http-equiv="Content-Type" content="text/html;charset=utf-8" />
  <meta name='ocr-system' content='tesseract 3.04.00' />
  <meta name='ocr-capabilities' content='ocr_page ocr_carea ocr_par ocr_line ocrx_word'/>
</head>
<body>
  <div class='ocr_page' id='page_1' title='image "./codexdiplomatic00wenzgoog_0649.png"; bbox 0 0 3194 5196; ppageno 0'>
   <div class='ocr_carea' id='block_1_1' title="bbox 668 341 733 404">
    <p class='ocr_par' dir='ltr' id='par_1_1' title="bbox 668 341 733 404">
     <span class='ocr_line' id='line_1_1' title="bbox 668 341 733 404; baseline 0.031 -2"><span class='ocrx_word' id='word_1_1' title='bbox 668 341 733 404; x_wconf 77' lang='lat'>605</span> 
     </span>
    </p>
   </div>
   <div class='ocr_carea' id='block_1_2' title="bbox 625 427 785 438">
    <p class='ocr_par' dir='ltr' id='par_1_2' title="bbox 625 427 785 438">
     <span class='ocr_line' id='line_1_2' title="bbox 625 427 785 438; baseline -0.006 0"><span class='ocrx_word' id='word_1_2' title='bbox 625 427 785 438; x_wconf 52' lang='lat' dir='ltr'>uun-nm-</span> 
     </span>
    </p>
   </div>
   <div class='ocr_carea' id='block_1_3' title="bbox 101 519 1384 2108">
    <p class='ocr_par' dir='ltr' id='par_1_3' title="bbox 101 519 1384 2108">
     <span class='ocr_line' id='line_1_3' title="bbox 101 519 1384 617; baseline -0.001 -19"><span class='ocrx_word' id='word_1_3' title='bbox 101 567 117 588; x_wconf 87' lang='lat'>·.</span> <span class='ocrx_word' id='word_1_4' title='bbox 134 531 273 616; x_wconf 85' lang='lat' dir='ltr'>pacifice</span> <span class='ocrx_word' id='word_1_5' title='bbox 283 537 316 596; x_wconf 92' lang='lat' dir='ltr'>et</span> <span class='ocrx_word' id='word_1_6' title='bbox 326 529 581 598; x_wconf 87' lang='lat' dir='ltr'>irreuocabiliter</span> <span class='ocrx_word' id='word_1_7' title='bbox 601 523 848 617; x_wconf 65' lang='lat' dir='ltr'>possidendam</span> <span class='ocrx_word' id='word_1_8' title='bbox 873 531 1272 614; x_wconf 84' lang='lat' dir='ltr'>assumpmendonichilo·</span> <span class='ocrx_word' id='word_1_9' title='bbox 1378 519 1384 574; x_wconf 77' lang='grc' dir='ltr'>ἶ</span> 
     </span>
     <span class='ocr_line' id='line_1_4' title="bbox 137 637 1273 724; baseline -0.001 -20"><span class='ocrx_word' id='word_1_10' title='bbox 137 639 245 706; x_wconf 90' lang='lat' dir='ltr'>minus</span> <span class='ocrx_word' id='word_1_11' title='bbox 254 639 359 724; x_wconf 91' lang='lat' dir='ltr'>ipsum</span> <span class='ocrx_word' id='word_1_12' title='bbox 377 639 566 722; x_wconf 81' lang='lat' dir='ltr'><strong>Magistrum</strong></span> <span class='ocrx_word' id='word_1_13' title='bbox 589 638 746 706; x_wconf 76' lang='lat' dir='ltr'>iacobum</span> <span class='ocrx_word' id='word_1_14' title='bbox 757 637 799 703; x_wconf 84' lang='lat' dir='ltr'>ab</span> <span class='ocrx_word' id='word_1_15' title='bbox 825 637 973 704; x_wconf 90' lang='lat' dir='ltr'>omnibns</span> <span class='ocrx_word' id='word_1_16' title='bbox 998 638 1170 705; x_wconf 80' lang='lat' dir='ltr'><strong>occasione</strong></span> <span class='ocrx_word' id='word_1_17' title='bbox 1186 638 1273 704; x_wconf 89' lang='lat' dir='ltr'>dicte</span> 
     </span>
     <span class='ocr_line' id='line_1_5' title="bbox 135 743 1292 832; baseline -0.003 -20"><span class='ocrx_word' id='word_1_18' title='bbox 135 745 362 832; x_wconf 78' lang='lat' dir='ltr'>possessionis</span> <span class='ocrx_word' id='word_1_19' title='bbox 378 745 533 832; x_wconf 78' lang='lat' dir='ltr'>inpetere,</span> <span class='ocrx_word' id='word_1_20' title='bbox 546 746 600 813; x_wconf 92' lang='lat' dir='ltr'>uel</span> <span class='ocrx_word' id='word_1_21' title='bbox 610 745 644 811; x_wconf 92' lang='lat' dir='ltr'>in</span> <span class='ocrx_word' id='word_1_22' title='bbox 652 751 723 812; x_wconf 86' lang='lat' dir='ltr'>toto</span> <span class='ocrx_word' id='word_1_23' title='bbox 734 745 907 812; x_wconf 75' lang='lat' dir='ltr'>molestare</span> <span class='ocrx_word' id='word_1_24' title='bbox 917 743 1096 810; x_wconf 86' lang='lat' dir='ltr'>nitentibus</span> <span class='ocrx_word' id='word_1_25' title='bbox 1105 743 1292 812; x_wconf 80' lang='lat' dir='ltr'>defensore-</span> 
     </span>
     <span class='ocr_line' id='line_1_6' title="bbox 135 849 1276 936; baseline 0 -20"><span class='ocrx_word' id='word_1_26' title='bbox 135 853 240 934; x_wconf 65' lang='lat' dir='ltr'>Reffi&#39;o</span> <span class='ocrx_word' id='word_1_27' title='bbox 250 872 323 919; x_wconf 91' lang='lat' dir='ltr'>oum</span> <span class='ocrx_word' id='word_1_28' title='bbox 334 851 456 917; x_wconf 77' lang='lat' dir='ltr'>fauore.</span> <span class='ocrx_word' id='word_1_29' title='bbox 467 853 505 917; x_wconf 95' lang='lat' dir='ltr'>In</span> <span class='ocrx_word' id='word_1_30' title='bbox 517 851 607 918; x_wconf 92' lang='lat' dir='ltr'>cuius</span> <span class='ocrx_word' id='word_1_31' title='bbox 618 851 747 936; x_wconf 86' lang='lat' dir='ltr'>quidem</span> <span class='ocrx_word' id='word_1_32' title='bbox 757 849 976 935; x_wconf 86' lang='lat' dir='ltr'>possessionis</span> <span class='ocrx_word' id='word_1_33' title='bbox 998 850 1276 935; x_wconf 85' lang='lat' dir='ltr'>permutacionem</span> 
     </span>
     <span class='ocr_line' id='line_1_7' title="bbox 137 955 1273 1043; baseline 0 -19"><span class='ocrx_word' id='word_1_34' title='bbox 137 979 196 1026; x_wconf 91' lang='lat' dir='ltr'>seu</span> <span class='ocrx_word' id='word_1_35' title='bbox 208 957 428 1024; x_wconf 87' lang='lat' dir='ltr'>concambium</span> <span class='ocrx_word' id='word_1_36' title='bbox 440 955 524 1024; x_wconf 90' lang='lat' dir='ltr'>idem</span> <span class='ocrx_word' id='word_1_37' title='bbox 535 957 692 1043; x_wconf 85' lang='lat' dir='ltr'>Magister</span> <span class='ocrx_word' id='word_1_38' title='bbox 703 956 846 1025; x_wconf 84' lang='lat' dir='ltr'>Jacobus</span> <span class='ocrx_word' id='word_1_39' title='bbox 856 957 1077 1042; x_wconf 87' lang='lat' dir='ltr'>possessiones</span> <span class='ocrx_word' id='word_1_40' title='bbox 1088 977 1164 1024; x_wconf 84' lang='lat' dir='ltr'>suas</span> <span class='ocrx_word' id='word_1_41' title='bbox 1175 957 1273 1025; x_wconf 87' lang='lat' dir='ltr'>Vruz-</span> 
     </span>
     <span class='ocr_line' id='line_1_8' title="bbox 140 1061 1276 1150; baseline 0.002 -20"><span class='ocrx_word' id='word_1_42' title='bbox 140 1085 204 1130; x_wconf 89' lang='lat' dir='ltr'>nar</span> <span class='ocrx_word' id='word_1_43' title='bbox 215 1065 342 1150; x_wconf 80' lang='lat' dir='ltr'>Royks,</span> <span class='ocrx_word' id='word_1_44' title='bbox 352 1063 512 1131; x_wconf 84' lang='lat' dir='ltr'>Zerdahel</span> <span class='ocrx_word' id='word_1_45' title='bbox 524 1071 556 1131; x_wconf 89' lang='lat' dir='ltr'>et</span> <span class='ocrx_word' id='word_1_46' title='bbox 566 1063 797 1130; x_wconf 78' lang='lat' dir='ltr'>Cbeturtulsbel</span> <span class='ocrx_word' id='word_1_47' title='bbox 809 1071 951 1150; x_wconf 84' lang='lat' dir='ltr'>uocatas,</span> <span class='ocrx_word' id='word_1_48' title='bbox 962 1061 1047 1130; x_wconf 82' lang='lat' dir='ltr'>adse</span> <span class='ocrx_word' id='word_1_49' title='bbox 1058 1062 1159 1130; x_wconf 88' lang='lat' dir='ltr'>solnm</span> <span class='ocrx_word' id='word_1_50' title='bbox 1170 1064 1276 1132; x_wconf 89' lang='lat' dir='ltr'>modis</span> 
     </span>
     <span class='ocr_line' id='line_1_9' title="bbox 139 1169 1279 1257; baseline -0.001 -18"><span class='ocrx_word' id='word_1_51' title='bbox 139 1171 308 1256; x_wconf 87' lang='lat' dir='ltr'>omnibus,</span> <span class='ocrx_word' id='word_1_52' title='bbox 325 1175 360 1237; x_wconf 87' lang='lat' dir='ltr'>ut</span> <span class='ocrx_word' id='word_1_53' title='bbox 376 1169 468 1255; x_wconf 83' lang='lat' dir='ltr'><strong>dixit,</strong></span> <span class='ocrx_word' id='word_1_54' title='bbox 483 1171 692 1257; x_wconf 82' lang='lat' dir='ltr'>pertinentes,</span> <span class='ocrx_word' id='word_1_55' title='bbox 710 1191 782 1238; x_wconf 90' lang='lat' dir='ltr'>cum</span> <span class='ocrx_word' id='word_1_56' title='bbox 799 1169 993 1238; x_wconf 80' lang='lat' dir='ltr'>utilitatibus</span> <span class='ocrx_word' id='word_1_57' title='bbox 1013 1171 1191 1237; x_wconf 87' lang='lat' dir='ltr'>earundem</span> <span class='ocrx_word' id='word_1_58' title='bbox 1209 1173 1279 1239; x_wconf 93' lang='lat' dir='ltr'>vni-</span> 
     </span>
     <span class='ocr_line' id='line_1_10' title="bbox 143 1276 1278 1366; baseline 0.004 -22"><span class='ocrx_word' id='word_1_59' title='bbox 143 1277 260 1366; x_wconf 89' lang='lat' dir='ltr'>uersis,</span> <span class='ocrx_word' id='word_1_60' title='bbox 276 1277 427 1345; x_wconf 83' lang='lat' dir='ltr'>videlicet</span> <span class='ocrx_word' id='word_1_61' title='bbox 444 1278 585 1362; x_wconf 88' lang='lat' dir='ltr'>tributis,</span> <span class='ocrx_word' id='word_1_62' title='bbox 617 1277 786 1362; x_wconf 87' lang='lat' dir='ltr'>piscaturis</span> <span class='ocrx_word' id='word_1_63' title='bbox 803 1284 836 1343; x_wconf 88' lang='lat' dir='ltr'>et</span> <span class='ocrx_word' id='word_1_64' title='bbox 851 1277 932 1342; x_wconf 87' lang='lat' dir='ltr'>locis</span> <span class='ocrx_word' id='word_1_65' title='bbox 948 1276 1185 1365; x_wconf 87' lang='lat' dir='ltr'>piscacionnm,</span> <span class='ocrx_word' id='word_1_66' title='bbox 1218 1282 1278 1348; x_wconf 89' lang='lat' dir='ltr'>sub</span> 
     </span>
     <span class='ocr_line' id='line_1_11' title="bbox 145 1383 1277 1470; baseline 0 -20"><span class='ocrx_word' id='word_1_67' title='bbox 145 1385 242 1452; x_wconf 87' lang='lat' dir='ltr'>metis</span> <span class='ocrx_word' id='word_1_68' title='bbox 258 1385 419 1470; x_wconf 85' lang='lat' dir='ltr'>prioribus</span> <span class='ocrx_word' id='word_1_69' title='bbox 437 1392 468 1451; x_wconf 90' lang='lat' dir='ltr'>et</span> <span class='ocrx_word' id='word_1_70' title='bbox 484 1386 639 1469; x_wconf 84' lang='lat' dir='ltr'>antiquis,</span> <span class='ocrx_word' id='word_1_71' title='bbox 671 1383 790 1468; x_wconf 89' lang='lat' dir='ltr'>quibus</span> <span class='ocrx_word' id='word_1_72' title='bbox 808 1385 989 1470; x_wconf 89' lang='lat' dir='ltr'>peripsum</span> <span class='ocrx_word' id='word_1_73' title='bbox 1006 1389 1040 1451; x_wconf 89' lang='lat' dir='ltr'>et</span> <span class='ocrx_word' id='word_1_74' title='bbox 1071 1384 1277 1468; x_wconf 87' lang='lat' dir='ltr'>predecesso-</span> 
     </span>
     <span class='ocr_line' id='line_1_12' title="bbox 143 1490 1277 1578; baseline 0.002 -21"><span class='ocrx_word' id='word_1_75' title='bbox 143 1513 198 1558; x_wconf 87' lang='lat' dir='ltr'>res</span> <span class='ocrx_word' id='word_1_76' title='bbox 213 1510 288 1559; x_wconf 89' lang='lat' dir='ltr'>snos</span> <span class='ocrx_word' id='word_1_77' title='bbox 305 1492 415 1560; x_wconf 86' lang='lat' dir='ltr'>habite</span> <span class='ocrx_word' id='word_1_78' title='bbox 431 1493 533 1560; x_wconf 84' lang='lat' dir='ltr'>fuisse</span> <span class='ocrx_word' id='word_1_79' title='bbox 550 1491 769 1578; x_wconf 88' lang='lat' dir='ltr'>dinoscuntur,</span> <span class='ocrx_word' id='word_1_80' title='bbox 806 1490 897 1557; x_wconf 87' lang='lat' dir='ltr'>dedit</span> <span class='ocrx_word' id='word_1_81' title='bbox 912 1497 944 1556; x_wconf 86' lang='lat' dir='ltr'>et</span> <span class='ocrx_word' id='word_1_82' title='bbox 960 1490 1146 1574; x_wconf 77' lang='lat' dir='ltr'>assignabit</span> <span class='ocrx_word' id='word_1_83' title='bbox 1173 1492 1277 1559; x_wconf 91' lang='lat' dir='ltr'>eidem</span> 
     </span>
     <span class='ocr_line' id='line_1_13' title="bbox 143 1596 1278 1686; baseline 0.003 -22"><span class='ocrx_word' id='word_1_84' title='bbox 143 1599 276 1668; x_wconf 86' lang='lat' dir='ltr'>domino</span> <span class='ocrx_word' id='word_1_85' title='bbox 291 1607 401 1667; x_wconf 88' lang='lat' dir='ltr'>nostro</span> <span class='ocrx_word' id='word_1_86' title='bbox 418 1601 499 1686; x_wconf 85' lang='lat' dir='ltr'>Regi</span> <span class='ocrx_word' id='word_1_87' title='bbox 516 1600 684 1667; x_wconf 85' lang='lat' dir='ltr'>habendus</span> <span class='ocrx_word' id='word_1_88' title='bbox 700 1600 768 1665; x_wconf 87' lang='lat' dir='ltr'>iure</span> <span class='ocrx_word' id='word_1_89' title='bbox 783 1597 973 1684; x_wconf 90' lang='lat' dir='ltr'>perennali;</span> <span class='ocrx_word' id='word_1_90' title='bbox 991 1596 1169 1680; x_wconf 86' lang='lat' dir='ltr'>obligando</span> <span class='ocrx_word' id='word_1_91' title='bbox 1185 1619 1220 1666; x_wconf 86' lang='lat' dir='ltr'>se</span> <span class='ocrx_word' id='word_1_92' title='bbox 1236 1600 1278 1667; x_wconf 86' lang='lat' dir='ltr'>ab</span> 
     </span>
     <span class='ocr_line' id='line_1_14' title="bbox 142 1705 1277 1793; baseline -0.002 -19"><span class='ocrx_word' id='word_1_93' title='bbox 142 1709 304 1790; x_wconf 89' lang='lat' dir='ltr'>omnibns,</span> <span class='ocrx_word' id='word_1_94' title='bbox 320 1714 354 1773; x_wconf 87' lang='lat' dir='ltr'>et</span> <span class='ocrx_word' id='word_1_95' title='bbox 368 1707 556 1793; x_wconf 86' lang='lat' dir='ltr'>specialiter</span> <span class='ocrx_word' id='word_1_96' title='bbox 570 1726 591 1773; x_wconf 84' lang='lat' dir='ltr'>u</span> <span class='ocrx_word' id='word_1_97' title='bbox 607 1705 876 1790; x_wconf 83' lang='lat' dir='ltr'>generacionibns</span> <span class='ocrx_word' id='word_1_98' title='bbox 902 1705 970 1772; x_wconf 91' lang='lat' dir='ltr'>suis</span> <span class='ocrx_word' id='word_1_99' title='bbox 989 1705 1094 1789; x_wconf 88' lang='lat' dir='ltr'>ipsum</span> <span class='ocrx_word' id='word_1_100' title='bbox 1113 1705 1277 1772; x_wconf 86' lang='lat' dir='ltr'>dominnm</span> 
     </span>
     <span class='ocr_line' id='line_1_15' title="bbox 142 1808 1290 1898; baseline -0.001 -19"><span class='ocrx_word' id='word_1_101' title='bbox 142 1815 271 1895; x_wconf 84' lang='lat' dir='ltr'>Regem</span> <span class='ocrx_word' id='word_1_102' title='bbox 287 1813 458 1881; x_wconf 84' lang='lat' dir='ltr'>occasione</span> <span class='ocrx_word' id='word_1_103' title='bbox 469 1813 710 1898; x_wconf 89' lang='lat' dir='ltr'>possessionum</span> <span class='ocrx_word' id='word_1_104' title='bbox 727 1817 975 1879; x_wconf 86' lang='lat' dir='ltr'>memoratarum</span> <span class='ocrx_word' id='word_1_105' title='bbox 1010 1808 1184 1878; x_wconf 81' lang='lat' dir='ltr'>defendere</span> <span class='ocrx_word' id='word_1_106' title='bbox 1210 1812 1290 1890; x_wconf 67' lang='lat' dir='ltr'>suis,</span> 
     </span>
     <span class='ocr_line' id='line_1_16' title="bbox 143 1916 1279 2006; baseline -0.002 -20"><span class='ocrx_word' id='word_1_107' title='bbox 143 1917 288 2006; x_wconf 83' lang='lat' dir='ltr'>proprijs</span> <span class='ocrx_word' id='word_1_108' title='bbox 304 1918 474 1986; x_wconf 80' lang='lat' dir='ltr'>laboribus</span> <span class='ocrx_word' id='word_1_109' title='bbox 491 1927 522 1986; x_wconf 90' lang='lat' dir='ltr'>et</span> <span class='ocrx_word' id='word_1_110' title='bbox 540 1919 699 2004; x_wconf 86' lang='lat' dir='ltr'>expensis.</span> <span class='ocrx_word' id='word_1_111' title='bbox 723 1922 765 1985; x_wconf 96' lang='lat' dir='ltr'>Iu</span> <span class='ocrx_word' id='word_1_112' title='bbox 781 1919 874 1985; x_wconf 89' lang='lat' dir='ltr'>cuius</span> <span class='ocrx_word' id='word_1_113' title='bbox 890 1917 939 1983; x_wconf 91' lang='lat' dir='ltr'>rei</span> <span class='ocrx_word' id='word_1_114' title='bbox 955 1916 1146 1982; x_wconf 85' lang='lat' dir='ltr'>memoriam</span> <span class='ocrx_word' id='word_1_115' title='bbox 1163 1937 1279 2004; x_wconf 84' lang='lat' dir='ltr'>perpe-</span> 
     </span>
     <span class='ocr_line' id='line_1_17' title="bbox 142 2023 1277 2108; baseline -0.004 -14"><span class='ocrx_word' id='word_1_116' title='bbox 142 2033 298 2108; x_wconf 78' lang='lat' dir='ltr'>tuumque</span> <span class='ocrx_word' id='word_1_117' title='bbox 328 2025 512 2094; x_wconf 86' lang='lat' dir='ltr'>firmitatem</span> <span class='ocrx_word' id='word_1_118' title='bbox 543 2025 587 2092; x_wconf 86' lang='lat' dir='ltr'>ad</span> <span class='ocrx_word' id='word_1_119' title='bbox 619 2026 810 2092; x_wconf 81' lang='lat' dir='ltr'>instanciam</span> <span class='ocrx_word' id='word_1_120' title='bbox 843 2031 875 2089; x_wconf 88' lang='lat' dir='ltr'>et</span> <span class='ocrx_word' id='word_1_121' title='bbox 905 2024 1098 2106; x_wconf 89' lang='lat' dir='ltr'>peticionem</span> <span class='ocrx_word' id='word_1_122' title='bbox 1131 2023 1277 2092; x_wconf 86' lang='lat' dir='ltr'>eiusdem</span> 
     </span>
    </p>
   </div>
   <div class='ocr_carea' id='block_1_4' title="bbox 141 2113 1394 2216">
    <p class='ocr_par' dir='ltr' id='par_1_4' title="bbox 141 2113 1394 2216">
     <span class='ocr_line' id='line_1_18' title="bbox 141 2113 1394 2216; baseline -0.003 -16"><span class='ocrx_word' id='word_1_123' title='bbox 141 2133 260 2200; x_wconf 84' lang='lat' dir='ltr'>Jacobi</span> <span class='ocrx_word' id='word_1_124' title='bbox 292 2139 460 2216; x_wconf 89' lang='lat' dir='ltr'>presentes</span> <span class='ocrx_word' id='word_1_125' title='bbox 487 2131 613 2198; x_wconf 88' lang='lat' dir='ltr'>litteras</span> <span class='ocrx_word' id='word_1_126' title='bbox 644 2131 773 2198; x_wconf 88' lang='lat' dir='ltr'>domino</span> <span class='ocrx_word' id='word_1_127' title='bbox 806 2137 915 2196; x_wconf 89' lang='lat' dir='ltr'>nostro</span> <span class='ocrx_word' id='word_1_128' title='bbox 947 2129 1030 2212; x_wconf 84' lang='lat' dir='ltr'>Regi</span> <span class='ocrx_word' id='word_1_129' title='bbox 1061 2129 1277 2198; x_wconf 80' lang='lat' dir='ltr'>concessimus</span> <span class='ocrx_word' id='word_1_130' title='bbox 1385 2113 1394 2130; x_wconf 49' lang='lat'>⁸</span> 
     </span>
    </p>
   </div>
   <div class='ocr_carea' id='block_1_5' title="bbox 145 2234 1284 2536">
    <p class='ocr_par' dir='ltr' id='par_1_5' title="bbox 145 2234 1284 2536">
     <span class='ocr_line' id='line_1_19' title="bbox 145 2234 1278 2322; baseline -0.002 -16"><span class='ocrx_word' id='word_1_131' title='bbox 145 2237 250 2322; x_wconf 92' lang='lat' dir='ltr'>sigilli</span> <span class='ocrx_word' id='word_1_132' title='bbox 267 2238 370 2306; x_wconf 90' lang='lat' dir='ltr'>nostri</span> <span class='ocrx_word' id='word_1_133' title='bbox 387 2237 565 2304; x_wconf 91' lang='lat' dir='ltr'>munimine</span> <span class='ocrx_word' id='word_1_134' title='bbox 582 2238 760 2305; x_wconf 84' lang='lat' dir='ltr'>roboratas.</span> <span class='ocrx_word' id='word_1_135' title='bbox 785 2238 904 2302; x_wconf 87' lang='lat' dir='ltr'>Datum</span> <span class='ocrx_word' id='word_1_136' title='bbox 930 2255 988 2318; x_wconf 87' lang='lat' dir='ltr'>per</span> <span class='ocrx_word' id='word_1_137' title='bbox 1005 2253 1122 2301; x_wconf 84' lang='lat' dir='ltr'>manus</span> <span class='ocrx_word' id='word_1_138' title='bbox 1148 2234 1278 2304; x_wconf 79' lang='lat' dir='ltr'>discreti</span> 
     </span>
     <span class='ocr_line' id='line_1_20' title="bbox 145 2343 1284 2425; baseline -0.008 -13"><span class='ocrx_word' id='word_1_139' title='bbox 145 2347 210 2412; x_wconf 87' lang='lat' dir='ltr'>viri</span> <span class='ocrx_word' id='word_1_140' title='bbox 239 2344 385 2425; x_wconf 79' lang='lat' dir='ltr'>Magistri</span> <span class='ocrx_word' id='word_1_141' title='bbox 411 2344 504 2412; x_wconf 85' lang='lat' dir='ltr'>Pauli</span> <span class='ocrx_word' id='word_1_142' title='bbox 533 2346 680 2411; x_wconf 75' lang='lat' dir='ltr'>hectoris</span> <span class='ocrx_word' id='word_1_143' title='bbox 711 2343 858 2410; x_wconf 84' lang='lat' dir='ltr'>Ecclesie</span> <span class='ocrx_word' id='word_1_144' title='bbox 889 2349 997 2409; x_wconf 89' lang='lat' dir='ltr'>nostre</span> <span class='ocrx_word' id='word_1_145' title='bbox 1028 2360 1115 2408; x_wconf 88' lang='lat' dir='ltr'>anno</span> <span class='ocrx_word' id='word_1_146' title='bbox 1147 2343 1284 2410; x_wconf 84' lang='lat' dir='ltr'>Domini</span> 
     </span>
     <span class='ocr_line' id='line_1_21' title="bbox 145 2445 1277 2536; baseline 0.002 -20"><span class='ocrx_word' id='word_1_147' title='bbox 145 2449 269 2518; x_wconf 78' lang='lat' dir='ltr'>u1⁰cc⁰</span> <span class='ocrx_word' id='word_1_148' title='bbox 285 2452 492 2535; x_wconf 79' lang='lat' dir='ltr'>nonagesimo</span> <span class='ocrx_word' id='word_1_149' title='bbox 509 2451 658 2536; x_wconf 89' lang='lat' dir='ltr'>septimo.</span> <span class='ocrx_word' id='word_1_150' title='bbox 683 2451 840 2534; x_wconf 79' lang='lat' dir='ltr'>Magistro</span> <span class='ocrx_word' id='word_1_151' title='bbox 856 2448 1004 2516; x_wconf 84' lang='lat' dir='ltr'>Iboanne</span> <span class='ocrx_word' id='word_1_152' title='bbox 1021 2445 1108 2535; x_wconf 83' lang='lat' dir='ltr'>(lgy)</span> <span class='ocrx_word' id='word_1_153' title='bbox 1126 2447 1277 2534; x_wconf 77' lang='lat' dir='ltr'>Caulone,</span> 
     </span>
    </p>
   </div>
   <div class='ocr_carea' id='block_1_6' title="bbox 146 2555 1294 2855">
    <p class='ocr_par' dir='ltr' id='par_1_6' title="bbox 146 2555 1294 2855">
     <span class='ocr_line' id='line_1_22' title="bbox 146 2555 1294 2644; baseline 0 -22"><span class='ocrx_word' id='word_1_154' title='bbox 146 2556 308 2644; x_wconf 82' lang='lat' dir='ltr'>Magistro</span> <span class='ocrx_word' id='word_1_155' title='bbox 325 2557 481 2642; x_wconf 78' lang='lat' dir='ltr'>Gregorio</span> <span class='ocrx_word' id='word_1_156' title='bbox 497 2558 648 2644; x_wconf 80' lang='lat' dir='ltr'>Custode,</span> <span class='ocrx_word' id='word_1_157' title='bbox 665 2559 811 2624; x_wconf 86' lang='lat' dir='ltr'>Ibosnne</span> <span class='ocrx_word' id='word_1_158' title='bbox 829 2559 973 2640; x_wconf 86' lang='lat' dir='ltr'>Decano,</span> <span class='ocrx_word' id='word_1_159' title='bbox 997 2555 1146 2640; x_wconf 83' lang='lat' dir='ltr'>Nicolso,</span> <span class='ocrx_word' id='word_1_160' title='bbox 1177 2555 1294 2622; x_wconf 48' lang='lat' dir='ltr'>Lucan</span> 
     </span>
     <span class='ocr_line' id='line_1_23' title="bbox 147 2663 1283 2753; baseline -0.001 -24"><span class='ocrx_word' id='word_1_161' title='bbox 147 2664 224 2730; x_wconf 89' lang='lat' dir='ltr'>ebio</span> <span class='ocrx_word' id='word_1_162' title='bbox 242 2671 276 2730; x_wconf 86' lang='lat' dir='ltr'>st</span> <span class='ocrx_word' id='word_1_163' title='bbox 289 2664 422 2732; x_wconf 86' lang='lat' dir='ltr'>Andrea</span> <span class='ocrx_word' id='word_1_164' title='bbox 437 2665 671 2753; x_wconf 82' lang='lat' dir='ltr'>sacerdotibus,</span> <span class='ocrx_word' id='word_1_165' title='bbox 703 2665 839 2752; x_wconf 80' lang='lat' dir='ltr'>Thomu,</span> <span class='ocrx_word' id='word_1_166' title='bbox 865 2664 990 2733; x_wconf 84' lang='lat' dir='ltr'>Jacobo</span> <span class='ocrx_word' id='word_1_167' title='bbox 1007 2668 1039 2728; x_wconf 89' lang='lat' dir='ltr'>et</span> <span class='ocrx_word' id='word_1_168' title='bbox 1055 2663 1151 2730; x_wconf 90' lang='lat' dir='ltr'>Petro</span> <span class='ocrx_word' id='word_1_169' title='bbox 1175 2663 1283 2746; x_wconf 81' lang='lat' dir='ltr'>blagi-</span> 
     </span>
     <span class='ocr_line' id='line_1_24' title="bbox 149 2769 858 2855; baseline -0.004 -17"><span class='ocrx_word' id='word_1_170' title='bbox 149 2773 237 2855; x_wconf 90' lang='lat' dir='ltr'>slris,</span> <span class='ocrx_word' id='word_1_171' title='bbox 253 2771 434 2853; x_wconf 88' lang='lat' dir='ltr'>celerisque</span> <span class='ocrx_word' id='word_1_172' title='bbox 449 2771 622 2838; x_wconf 80' lang='lat' dir='ltr'>Canoniois</span> <span class='ocrx_word' id='word_1_173' title='bbox 639 2769 858 2837; x_wconf 82' lang='lat' dir='ltr'>existentibus.</span> 
     </span>
    </p>
   </div>
   <div class='ocr_carea' id='block_1_7' title="bbox 150 2963 1288 3122">
    <p class='ocr_par' dir='ltr' id='par_1_7' title="bbox 150 2963 1288 3122">
     <span class='ocr_line' id='line_1_25' title="bbox 150 2963 1288 3032; baseline -0.005 -14"><span class='ocrx_word' id='word_1_174' title='bbox 150 2967 295 3030; x_wconf 80' lang='lat' dir='ltr'>(liredetie</span> <span class='ocrx_word' id='word_1_175' title='bbox 321 2967 502 3031; x_wconf 70' lang='lat' dir='ltr'>bllrhbrtybm</span> <span class='ocrx_word' id='word_1_176' title='bbox 530 2967 648 3031; x_wconf 82' lang='lat' dir='ltr'>melyrbl</span> <span class='ocrx_word' id='word_1_177' title='bbox 681 2981 698 3016; x_wconf 85' lang='lat' dir='ltr'>a</span> <span class='ocrx_word' id='word_1_178' title='bbox 725 2965 819 3029; x_wconf 84' lang='lat' dir='ltr'>pecset</span> <span class='ocrx_word' id='word_1_179' title='bbox 851 2964 1010 3014; x_wconf 80' lang='lat' dir='ltr'>vbrbs-zbld</span> <span class='ocrx_word' id='word_1_180' title='bbox 1041 2963 1288 3032; x_wconf 66' lang='lat' dir='ltr'>selyemzsinbrons</span> 
     </span>
     <span class='ocr_line' id='line_1_26' title="bbox 263 3048 1173 3122; baseline -0.005 -16"><span class='ocrx_word' id='word_1_181' title='bbox 263 3057 349 3122; x_wconf 81' lang='lat' dir='ltr'>liigg3</span> <span class='ocrx_word' id='word_1_182' title='bbox 369 3071 387 3106; x_wconf 88' lang='lat' dir='ltr'>a</span> <span class='ocrx_word' id='word_1_183' title='bbox 405 3056 513 3106; x_wconf 77' lang='lat' dir='ltr'>semele.</span> <span class='ocrx_word' id='word_1_184' title='bbox 533 3057 653 3118; x_wconf 84' lang='lat' dir='ltr'>berozeg</span> <span class='ocrx_word' id='word_1_185' title='bbox 671 3054 825 3120; x_wconf 81' lang='lat' dir='ltr'>Butthyrini</span> <span class='ocrx_word' id='word_1_186' title='bbox 846 3053 939 3104; x_wconf 82' lang='lat' dir='ltr'>csalrld</span> <span class='ocrx_word' id='word_1_187' title='bbox 957 3048 1173 3115; x_wconf 70' lang='lat' dir='ltr'>levbltarbbun.)</span> 
     </span>
    </p>
   </div>
   <div class='ocr_carea' id='block_1_8' title="bbox 0 0 1615 5196">
    <p class='ocr_par' dir='ltr' id='par_1_8' title="bbox 0 0 1615 5196">
     <span class='ocr_line' id='line_1_27' title="bbox 0 0 1615 5196; baseline 0 0"><span class='ocrx_word' id='word_1_188' title='bbox 0 0 1615 5196; x_wconf 95' lang='lat' dir='ltr'> </span> 
     </span>
    </p>
   </div>
  </div>
 </body>
</html>
