3190 5190
877 343 1038 442 „uan-

391 559 488 627 quam
504 537 592 608 idern
608 560 649 609 ex
665 545 777 608 nostra
792 539 970 608 collacione
986 537 1188 627 possidebat,
1211 538 1255 609 ad
1274 539 1473 628 peticionem
1488 549 1514 610 et

391 649 587 718 instanciam
603 647 742 716 liliorum
758 647 906 732 Magistri
923 648 1080 736 Olyuerij,
1096 649 1321 736 etLemtuchij
1333 649 1375 717 de
1385 650 1511 718 Ratoltb

390 779 441 845 eo,
472 757 560 843 quud
575 755 689 826 eadem
705 763 795 825 terra
809 756 1070 844 possessionibus
1086 778 1196 825 eornm
1213 759 1301 827 utilia
1318 765 1350 828 et
1365 777 1512 828 necessa·

390 865 442 935 ria
456 864 631 934 admodum
648 884 720 933 esse
736 863 922 951 uidebatur,
939 865 981 933 ab
996 864 1067 951 ipso
1082 865 1241 949 Magistro
1256 867 1414 936 Farcasio
1431 867 1513 934 aule·

390 973 493 1044 rende
511 974 697 1040 memoratis
712 973 791 1058 fitijs
808 972 959 1055 Magistri
975 972 1109 1056 Oliuerij
1128 980 1160 1040 et
1185 973 1369 1064 Leustachij
1404 974 1514 1042 donas

390 1101 516 1166 semus3
541 1088 574 1147 et
589 1101 631 1148 ne
646 1079 733 1147 idem
748 1079 905 1165 Magister
920 1079 1094 1148 Farcasius
1121 1079 1163 1147 ab
1195 1081 1381 1151 huiusmodi
1412 1084 1514 1168 Regia

391 1189 570 1256 donacione
586 1189 716 1257 omnino
732 1187 924 1276 priuaretur,
949 1188 984 1256 in
1000 1187 1288 1257 commutacionem
1313 1197 1346 1258 et
1370 1210 1513 1258 concarn-

392 1297 479 1364 bium
497 1294 641 1366 eiusdem
657 1301 743 1366 terre
757 1295 898 1364 Muchun
914 1305 1030 1366 uocate
1045 1296 1111 1381 ipsi
1126 1297 1284 1383 Magistro
1302 1299 1462 1367 Faroasio
1479 1296 1514 1364 de

389 1406 495 1490 Regin
511 1405 709 1490 benignitate
726 1405 951 1474 fauorabiliter
976 1402 1149 1491 prouidere
1174 1407 1355 1494 cupientes,
1378 1407 1514 1475 contuli·

389 1535 460 1582 mus
476 1513 539 1580 sibi
555 1523 678 1582 terram
694 1513 855 1603 Gregorij,
871 1514 968 1602 Pech,
986 1514 1090 1600 Wros,
1108 1517 1260 1605 Wytalus
1287 1526 1321 1585 ct
1345 1516 1514 1596 lobannis,

389 1622 600 1707 iobagionum
638 1622 746 1690 (lustri
785 1620 1039 1722 Neugradiensis
1069 1625 1215 1694 Scechen
1254 1631 1404 1693 uocatm
1444 1645 1512 1692 cnm

390 1732 539 1801 omnibus
570 1731 639 1799 suis
669 1731 864 1800 utilitatibus
896 1739 1052 1818 perpetuo
1083 1733 1321 1820 possidendam.
1367 1735 1513 1801 Ceterum

389 1861 431 1909 ne
461 1839 561 1927 ijdem
591 1839 780 1923 iobagiones
811 1837 916 1906 Casiri
948 1840 999 1908 sni
1030 1841 1126 1907 terris
1158 1841 1293 1908 alleuati
1332 1848 1366 1909 et
1398 1841 1513 1928 pmuati

389 1952 466 2034 uagi
499 1957 532 2016 et
562 1947 672 2017 exules
703 1947 737 2014 in
770 1948 884 2030 Regno
916 1953 1029 2016 nostro
1059 1948 1255 2030 habeantur3
1288 1949 1322 2015 iu
1352 1957 1510 2034 permuta·

389 2061 515 2126 cionem
531 2064 618 2124 terre
634 2056 777 2142 ipsorum
794 2054 939 2124 Seechen
956 2063 1071 2124 uocate
1088 2057 1238 2124 dedimus
1269 2055 1317 2126 eis
1348 2057 1511 2142 quandam

388 2174 507 2234 terram
524 2163 792 2234 baccinilerorum
808 2167 989 2232 nostrorum
1005 2163 1096 2248 Agar
1111 2171 1260 2232 uocatm
1285 2165 1320 2230 in
1350 2163 1512 2232 (lumitate

388 2271 523 2341 Albensi
538 2269 730 2339 existentem
747 2291 819 2338 oum
844 2270 992 2338 omnibus
1025 2272 1093 2338 suis
1124 2271 1336 2359 pertineneijs
1367 2271 1514 2340 similiter

388 2378 622 2468 perpetualiter
636 2377 879 2464 possidendam.
904 2379 1057 2446 Preterea
1079 2379 1197 2464 prelati
1229 2377 1422 2462 iobagiones
1456 2382 1514 2448 Ca·

389 2491 448 2557 stri
465 2507 574 2556 coram
590 2485 683 2554 nobis
699 2485 917 2572 personaliter
932 2486 1097 2554 constituti
1112 2486 1303 2575 retulerunt,
1333 2487 1421 2571 quod
1454 2510 1513 2575 pro
1571 2504 1576 2512 ’

391 2595 539 2680 edilicijs,
557 2613 620 2679 que
636 2615 735 2680 super
749 2601 835 2662 terra
851 2593 995 2663 Soecbcn
1011 2603 1130 2662 uocata
1145 2593 1341 2682 habuerunt,
1371 2599 1514 2681 precium

388 2706 501 2773 decem
515 2721 698 2770 marearum
714 2722 734 2768 a
750 2708 929 2770 memorato
946 2703 1103 2788 Magistro
1118 2701 1273 2770 Farcasio
1300 2704 1511 2790 recepissent,

389 2823 422 2884 et
438 2813 543 2880 eidem
559 2809 632 2895 ipsa
649 2808 777 2877 edificia
801 2811 999 2894 reliquerunt
1030 2807 1238 2897 possidenda.
1278 2809 1515 2896 Obliganernnt

389 2923 491 2992 eciam
508 2940 543 2988 se
560 2919 639 2985 dicti
654 2917 845 3003 iobagiones
861 2918 978 3002 Casiri,
995 2916 1081 3003 quod
1091 2917 1386 3006 quicunquesuper
1396 2939 1515 2986 merno-

389 3037 462 3100 rata
475 3037 563 3096 terra
579 3025 725 3093 Scechen
741 3022 990 3093 contradictum
1007 3026 1197 3110 Magistrum
1223 3027 1414 3096 Fareaaium
1445 3029 1515 3095 ullo

388 3158 529 3224 uuquam
539 3143 683 3218 ternpore
693 3135 896 3218 questionem
908 3140 1194 3219 moueret3extune
1204 3135 1428 3220 ipsiFarcasio
1437 3125 1517 3202 adte

390 3249 459 3314 litis
470 3247 651 3328 ingressum
667 3242 907 3328 quinquaginta
922 3263 1051 3311 marcas
1070 3245 1197 3311 soluere
1212 3249 1401 3312 tenerentur
1416 3243 1519 3333 ijdem

388 3353 577 3438 iobagiones
596 3350 702 3418 Castri
718 3351 895 3418 memorati.
920 3350 959 3416 In
976 3351 1066 3418 cuius
1098 3353 1145 3419 rei
1177 3352 1368 3420 memoriam
1399 3373 1517 3439 perpe·

386 3467 539 3544 tuamque
554 3458 737 3525 firmitatem
751 3464 917 3544 presentes
942 3459 1160 3527 concessimus
1191 3459 1319 3526 litteras
1351 3459 1520 3545 dupplicis

387 3566 491 3652 sigilli
506 3565 608 3633 nostri
623 3564 799 3633 munimine
815 3567 992 3634 roboratas.
1026 3566 1144 3634 Datum
1160 3585 1351 3650 parmenus
1367 3565 1520 3650 Magistri

387 3673 552 3744 Benedicti
578 3673 697 3740 Sancte
723 3671 959 3758 strigoniensis
989 3673 1136 3741 Ecclesia
1166 3671 1271 3740 Electi
1304 3663 1520 3759 eiusdemque

385 3783 446 3853 loci
463 3783 597 3853 Comitis
613 3784 778 3870 Perpetui,
794 3784 953 3871 Prepesiti
971 3783 1133 3852 Budensis
1148 3789 1180 3852 et
1195 3784 1270 3851 aule
1285 3790 1399 3850 nostre
1424 3783 1522 3851 Vice-

385 3892 578 3977 Gaucellarij
598 3891 709 3960 dilecti
724 3899 758 3959 et
773 3891 879 3960 fidelis
896 3891 998 3960 nostri
1022 3911 1108 3959 anno
1134 3892 1266 3959 Domini
1281 3891 1318 3957 M
1325 3891 1523 3958 οΟΟῠΙιΧΧῦ

385 4001 506 4087 quinto,
536 4009 652 4087 quarto
668 3998 831 4068 kalendas
848 3999 1033 4085 Februarij,
1065 3999 1167 4085 Regni
1184 4008 1292 4068 autem
1309 4000 1413 4067 nostri
1429 4021 1523 4068 anno

384 4109 495 4176 tercio.
514 4107 762 4174 Venerabilibus
778 4105 926 4192 patribus
943 4105 1111 4188 Stephano
1128 4103 1299 4173 Colocensi
1317 4111 1350 4170 et
1365 4105 1524 4174 iohanne

385 4215 571 4302 spalatensi
588 4213 858 4301 Archiepisoopis‚
875 4213 1049 4298 Lamperto
1065 4211 1229 4300 Agriensi,
1246 4213 1373 4280 Bricoic
1385 4213 1523 4283 Chana—
1578 4266 1582 4274 .

384 4323 502 4409 diensi,
541 4321 604 4390 Job
643 4320 992 4404 Quinqneecctesienst
1032 4319 1186 4406 Philippo
1216 4319 1409 4390 Wachieusi
1439 4323 1524 4390 aule

385 4431 514 4500 domine
529 4430 654 4514 Regine
670 4429 844 4498 karissime
859 4427 1018 4496 consortis
1032 4437 1143 4496 nostre
1160 4429 1376 4516 bascellaria,
1411 4429 1525 4497 Ledo

385 4544 485 4608 merie
496 4540 716 4630 Waradieusi,
733 4541 891 4628 Dyonisio
901 4540 1076 4628 lauriensi,
1093 4539 1277 4628 Tymotheo
1287 4539 1528 4628 Zagrabiensi,

385 4655 418 4716 et
432 4648 530 4716 Petro
546 4649 782 4718 l'raussiluauo
799 4647 971 4734 Episcopis
986 4647 1153 4718 Ecclesiae
1170 4650 1233 4718 Dei
1250 4646 1390 4716 feliciter
1400 4648 1528 4733 guber·
