3190 5190
799 329 957 426 *rua-o„

299 533 365 592 root
380 544 400 590 a
416 523 595 612 fluuiollag
613 526 682 592 exit
696 531 728 593 at
760 523 876 593 transit
906 523 1025 592 siluam
1057 523 1161 610 ipsius
1194 525 1266 608 Vag
1281 525 1315 590 in
1348 534 1440 611 parto

109 621 128 688 Ὗ
188 697 189 700 ,
313 633 466 700 orientali
495 633 540 700 ad
554 631 720 716 quandam
750 639 881 717 mamm,
913 650 976 716 quo
1008 636 1059 698 ost
1073 630 1108 698 in
1124 636 1234 700 meatu
1253 628 1391 716 antiqno
1405 632 1438 698 in

296 739 455 823 wquodum
470 740 542 808 looo
558 738 773 824 arundinoso;
798 736 919 806 abinde
936 737 1040 804 tondit
1055 737 1099 805 ad
1131 739 1292 822 quondam
1322 739 1440 826 boum,

311 847 401 915 oiroa
430 868 528 933 quem
559 854 635 915 sunt
663 853 730 915 tros
745 853 852 930 moto,
878 865 974 930 quom
994 846 1100 913 lacum
1117 845 1317 915 transeundo
1334 846 1439 916 tondit

312 955 356 1022 ad
372 956 462 1024 uiam
486 956 667 1042 quandam3
690 975 786 1040 quam
817 953 966 1022 similitor
996 955 1194 1022 transeundo
1225 956 1378 1040 peruenit
1394 955 1436 1020 sd

312 1049 475 1148 quondam
505 1087 589 1150 maye
619 1063 795 1148 spinosum,
812 1062 847 1129 in
864 1081 928 1145 qno
959 1059 1114 1128 suuldus
1129 1067 1224 1146 msto,
1240 1069 1347 1147 otpar
1362 1081 1440 1130 enn-

312 1171 391 1238 dam·
400 1195 485 1258 maye
497 1168 734 1255 progrediendo
750 1168 868 1237 transit
884 1169 970 1237 viam
1003 1167 1167 1255 publioam
1198 1167 1316 1254 Regni,
1348 1171 1436 1237 oiroa

310 1298 407 1361 quam
439 1285 490 1346 ost
504 1277 659 1360 antiquus
690 1283 817 1343 meatus
847 1295 942 1362 aquo,
974 1283 1007 1341 et
1021 1293 1122 1360 prope
1139 1272 1277 1342 eundem
1295 1281 1438 1342 meatum

309 1393 385 1453 sunt
402 1385 464 1453 duo
480 1392 585 1468 mate,
610 1383 729 1451 abhinc
744 1381 777 1450 in
810 1390 904 1469 parts
934 1381 1141 1450 meridionali
1171 1401 1230 1469 por
1259 1381 1438 1470 planiciem

311 1491 517 1575 prooedondo
548 1493 695 1578 peruenit
726 1490 769 1559 ad
785 1492 891 1558 looum
908 1489 1007 1558 sontis
1033 1488 1212 1574 cniusdam,
1224 1498 1257 1558 et
1272 1492 1306 1557 in
1323 1491 1436 1558 eodem

308 1599 377 1666 looo
393 1599 582 1686 angulando
596 1597 891 1668 fleotitnrottondit
907 1596 951 1666 ad
966 1598 1131 1683 quoddam
1148 1618 1261 1668 nemus
1278 1600 1436 1686 uyaraeo

176 1795 177 1798 Ἴ
307 1714 464 1791 vooatum,
496 1705 559 1795 (in)
589 1706 691 1775 latero
723 1707 814 1775 ouius
845 1712 921 1771 sunt
950 1705 1014 1772 duo
1046 1714 1149 1792 moto,
1172 1712 1204 1771 at
1238 1707 1435 1774 transeundo

308 1815 414 1899 ipsum
431 1814 705 1904 loyoerdswtondit
721 1813 765 1880 ad
780 1811 946 1897 quoddam
978 1819 1115 1897 pratum,
1132 1813 1167 1879 in
1198 1833 1260 1898 quo
1290 1821 1343 1879 ost
1371 1832 1436 1878 una

308 1929 413 2006 mata,
438 1921 558 1990 abinde
573 1921 722 2007 peruenit
737 1919 781 1986 ad
795 1917 929 1987 fluuium
958 1918 1118 2004 Dudnag;
1145 1939 1238 2002 quom
1260 1921 1385 2003 transit,
1403 1927 1435 1985 et

308 2037 486 2112 permotas
512 2031 661 2115 peruenit
692 2025 735 2096 ad
766 2027 873 2109 niam,
897 2024 932 2092 in
965 2025 1078 2094 eadem
1110 2027 1165 2092 via
1196 2026 1433 2112 progrediendo

308 2135 457 2219 paruerit
486 2135 529 2202 ad
560 2134 680 2201 vadum
710 2135 744 2200 in
767 2131 928 2202 Duduaoh
959 2132 1162 2199 existentem.
1194 2134 1236 2198 nt
1267 2135 1327 2201 hos
1358 2140 1435 2201 sunt

307 2251 494 2326 separantes
524 2242 566 2308 ab
598 2242 663 2307 alio
693 2239 890 2324 Koatbolen5
923 2239 1043 2308 abinde
1070 2241 1104 2306 in
1136 2247 1232 2325 parto
1256 2240 1433 2326 aquilonali

306 2367 364 2433 par
394 2358 488 2435 prata
504 2355 536 2415 ot
552 2357 655 2415 molas
685 2347 788 2414 tendit
819 2349 936 2415 itornm
969 2346 1012 2413 ad
1042 2347 1176 2414 fluuium
1208 2348 1359 2435 Dudnag‚
1376 2348 1430 2416 vbi
1474 2365 1475 2368 ’

307 2454 393 2522 oiroa
410 2457 567 2538 quasdam
585 2475 720 2542 magnas
736 2457 869 2524 arbores
886 2456 1003 2522 transit
1019 2457 1135 2523 itorum
1160 2456 1268 2542 ipsum
1300 2457 1431 2523 fluuium

307 2560 446 2646 Duduag
477 2565 520 2629 ad
535 2571 600 2630 tros
617 2570 738 2644 motas3
762 2563 884 2630 abinde
903 2561 1007 2629 tendit
1023 2565 1065 2630 nd
1082 2567 1269 2651 kerekoayr,
1287 2565 1341 2633 vbi
1356 2573 1433 2632 sunt

307 2670 370 2736 duo
386 2677 489 2756 moto;
514 2670 634 2740 abinde
650 2691 708 2758 por
733 2679 836 2738 metas
854 2679 887 2738 ot
918 2676 1013 2757 prata
1045 2673 1163 2739 transit
1193 2672 1308 2740 iterum
1339 2674 1429 2740 viam

304 2796 456 2860 magnam
486 2780 599 2867 Regni,
616 2787 648 2846 et
663 2781 810 2866 peruenit
842 2777 984 2846 adduas
1014 2787 1118 2848 metas
1150 2781 1209 2847 snb
1234 2779 1432 2864 quibusdam

308 2887 478 2953 arboribus
519 2887 710 2966 aristentus,
745 2885 865 2954 abinde
907 2887 1012 2952 tondit
1042 2888 1085 2953 ad
1119 2887 1280 2971 quondam
1321 2887 1431 2954 laoum

304 2993 501 3080 Husoywlon
517 2995 646 3077 dictum,
663 3014 759 3078 quom
774 2994 903 3079 transit,
920 3001 953 3060 et
963 3013 1020 3078 por
1037 3001 1132 3078 prata
1148 3001 1180 3060 ot
1194 3001 1298 3061 motas
1317 3012 1446 3078 perso.

306 3101 354 3166 nit
372 3101 549 3169 iterumad
566 3100 972 3185 qnondamlaoum,qnsm
1005 3101 1122 3168 transit
1155 3100 1240 3168 oiroa
1269 3099 1429 3184 quasdam

303 3210 434 3277 arbores
465 3210 509 3276 ad
524 3210 606 3277 duas
622 3218 726 3277 motas
751 3231 815 3277 non
829 3217 952 3276 remoto
968 3209 1161 3290 existentem
1185 3209 1304 3278 abindo
1321 3219 1429 3278 trans·

306 3317 411 3383 eundo
441 3324 581 3383 meatum
598 3317 766 3386 cuiusdam
782 3337 868 3402 aque
903 3316 1010 3383 tondit
1040 3318 1135 3402 quasi
1153 3317 1196 3384 ad
1228 3318 1428 3404 superiorum

301 3423 397 3488 finem
429 3423 596 3491 cuiusdam
626 3426 731 3493 insule
761 3426 795 3492 in
825 3425 924 3493 fluuio
963 3422 1034 3509 vag
1073 3425 1260 3506 existentisq
1301 3435 1332 3492 st
1372 3447 1430 3514 per

301 3531 408 3617 ipsum
422 3531 554 3598 ilnnium
584 3532 657 3617 Vug
673 3532 839 3602 descondit
869 3533 1042 3601 admotas
1068 3532 1200 3621 priores,
1231 3535 1285 3601 vbi
1317 3537 1425 3601 tormi-

299 3644 406 3707 natur.

302 3837 359 3893 (IV.
380 3837 481 3890 Lasnlo
500 3841 650 3905 kirdlynak
671 3843 780 3892 mro-ki
799 3841 966 3906 magerbsitd
980 3839 1234 3906 privilegiumibbl,
1283 3842 1356 3890 mint
1380 3841 1426 3890 len

728 3932 794 3980 tebb
816 3933 874 3979 106.
892 3944 928 3980 sz.
950 3933 986 3992 a.)
