3160 5200
813 1025 890 1093 481.

289 1221 536 1308 To‘rodnykezdai
552 1223 776 1310 beiaproroo'ny,
808 1226 889 1309 kopp
911 1205 1016 1290 Operi
1032 1222 1172 1289 Konrsid
1187 1201 1420 1324 npes'fflqffl'oo

381 1328 546 1413 melpeklrel
562 1331 706 1396 idolatriae
717 1330 849 1416 fejdben
867 1341 1029 1412 rarwzorr,
1044 1331 1197 1412 lrifieeiett.
1214 1325 1323 1397 1290:

389 1522 494 1588 Datur
525 1543 581 1607 pro
614 1523 777 1604 memoria,
812 1522 896 1606 quod
940 1523 1098 1606 Magister
1130 1521 1310 1588 Gorrardus
1338 1505 1417 1590 oca*

280 1647 414 1721 mareas,
433 1629 465 1692 in
483 1628 599 1710 quibus
617 1629 706 1696 nobis
723 1630 855 1696 racione
872 1629 1086 1714 possessionis
1119 1629 1278 1694 Gormoeh
1309 1635 1411 1694 statu·

282 1735 384 1802 eionia
410 1736 533 1804 soluere
565 1736 737 1804 tenebatur
767 1738 860 1803 iuxta
888 1738 990 1820 Regni
1014 1733 1278 1803 consuetudinem
1295 1755 1408 1820 appro-

282 1843 400 1926 batam,
417 1842 502 1910 idem
519 1844 673 1926 Magister
692 1843 870 1912 Corrardus
897 1844 988 1910 nobis
1014 1843 1171 1928 porsoluit
1202 1863 1244 1908 ex
1274 1844 1405 1925 integror

279 1958 385 2016 einos
416 1950 524 2034 ipsum
555 1949 755 2016 reddidimus
786 1953 819 2015 in
852 1951 915 2015 hae
946 1956 1039 2034 parte
1070 1947 1406 2033 penitusexpeditnm.

278 2058 399 2123 Datum
415 2057 448 2122 in
466 2057 665 2140 Posagawar
680 2057 713 2122 in
730 2058 854 2124 eratino
872 2055 969 2140 medij
1005 2055 1129 2122 XL-me
1161 2075 1248 2120 anno
1279 2053 1405 2120 Domini

278 2163 574 2231 Maoodxxxxr
590 2173 693 2230 sexto.
888 2229 891 2234 .

384 2269 515 2336 Krvdl
534 2293 541 2334 ε
559 2271 620 2336 Pro
638 2272 792 2352 Magistro
809 2269 970 2335 Corrardo
1003 2269 1044 2334 de
1076 2268 1174 2335 Orrar
1205 2267 1403 2350 expeditorie

279 2396 336 2460 pro
357 2386 428 2442 oeto
449 2377 576 2442 mareis.

279 2571 417 2631 (Ersdetie
437 2573 620 2636 borlrartyain,
653 2589 669 2622 a
700 2573 844 2635 zrirpeese't
875 2573 1029 2632 elreszeri;
1062 2586 1078 2619 a
1107 2569 1182 2620 molt.
1214 2567 1283 2616 birro
1314 2567 1407 2627 Rdvay

682 2663 773 2711 esalaid
793 2661 1010 2720 leveltdrdban.)

708 2961 975 2972 ......------—-

264 3413 272 3432 .

266 3442 281 3490 Β.

805 3492 881 3561 482.

142 3658 146 3668 ‘
276 3720 339 3788 ΙΙΙ.
357 3715 467 3784 Eudae
485 3705 591 3788 dircilp
608 3695 748 3765 Koarrid
768 3699 892 3757 prestere
910 3687 1017 3768 e'aflo'i
1049 3683 1157 3749 Joirab
1188 3693 1300 3748 comaga
1330 3702 1403 3745 020„

276 3824 428 3915 birsdpok
444 3819 509 3886 aior
519 3808 676 3900 falsitati,
709 3793 1058 3974 otaelpoligoepggypsdqak
1083 3793 1166 3857 alate
1192 3785 1418 3854 clazomenae·

735 3919 802 3974 aito
826 3953 834 3969 .
949 3949 956 3964 .

385 4124 534 4192 Andreas
564 4111 627 4180 Dei
658 4106 769 4192 gracia
793 4103 864 4168 Rex
896 4097 1063 4180 Hungarie
1089 4093 1239 4160 fidelibus
1256 4091 1324 4158 suis
1340 4087 1404 4155 uni·

278 4235 382 4310 uersis
397 4226 566 4299 Judioibns
581 4218 616 4283 in
632 4217 743 4297 Regno
759 4229 817 4278 suo
833 4203 1017 4274 constitutis
1033 4203 1172 4272 salutem
1189 4205 1223 4265 et
1253 4198 1404 4282 graciam.

281 4349 361 4414 Cum
379 4359 436 4406 nos
453 4330 610 4399 Comitem
626 4320 783 4389 Jaeobum
800 4314 899 4381 filium
916 4310 1065 4396 Magistri
1082 4305 1244 4389 domandi,
1261 4311 1294 4371 et
1302 4305 1405 4387 ipsum

210 4445 215 4450 ¹
281 4445 487 4528 Corrardum,
516 4458 537 4503 a
564 4429 700 4519 judioijs
730 4425 764 4490 in
797 4421 913 4507 quibus
943 4425 1088 4503 temporo
1121 4411 1322 4498 captiuitatis
1352 4427 1406 4478 sue
1501 4445 1508 4464 .

281 4575 389 4628 eoram
420 4549 535 4635 quouis
565 4539 680 4611 Judioo
712 4551 769 4618 per
800 4545 1005 4614 quoscunque
1030 4524 1171 4592 eonuieti
1187 4521 1326 4603 fuerant,
1339 4516 1407 4584 red·

282 4663 420 4732 didimus
452 4649 650 4737 expeditos;
683 4638 833 4706 fidelitati
874 4641 982 4702 uestro
1021 4629 1153 4699 firmiter
1195 4621 1401 4712 precipiendo
