<?xml version="1.0" encoding="UTF-8"?>
<!DOCTYPE html PUBLIC "-//W3C//DTD XHTML 1.0 Transitional//EN"
    "http://www.w3.org/TR/xhtml1/DTD/xhtml1-transitional.dtd">
<html xmlns="http://www.w3.org/1999/xhtml" xml:lang="en" lang="en">
 <head>
  <title>
</title>
<meta http-equiv="Content-Type" content="text/html;charset=utf-8" />
  <meta name='ocr-system' content='tesseract 3.04.00' />
  <meta name='ocr-capabilities' content='ocr_page ocr_carea ocr_par ocr_line ocrx_word'/>
</head>
<body>
  <div class='ocr_page' id='page_1' title='image "./codexdiplomatic00wenzgoog_0325.png"; bbox 0 0 3096 5202; ppageno 0'>
   <div class='ocr_carea' id='block_1_1' title="bbox 1 830 1302 923">
    <p class='ocr_par' dir='ltr' id='par_1_1' title="bbox 1 830 1302 923">
     <span class='ocr_line' id='line_1_1' title="bbox 1 830 1302 923; baseline -0.001 -20"><span class='ocrx_word' id='word_1_1' title='bbox 1 843 2 883; x_wconf 66' lang='lat'><em>³</em></span> <span class='ocrx_word' id='word_1_2' title='bbox 70 837 122 904; x_wconf 84' lang='lat' dir='ltr'><strong>hee</strong></span> <span class='ocrx_word' id='word_1_3' title='bbox 149 842 181 903; x_wconf 90' lang='lat' dir='ltr'><strong>et</strong></span> <span class='ocrx_word' id='word_1_4' title='bbox 209 831 418 923; x_wconf 73' lang='lat' dir='ltr'><strong>porcionibus</strong></span> <span class='ocrx_word' id='word_1_5' title='bbox 449 831 717 922; x_wconf 82' lang='lat' dir='ltr'><strong>possessionsrije</strong></span> <span class='ocrx_word' id='word_1_6' title='bbox 747 830 880 919; x_wconf 83' lang='lat' dir='ltr'><strong>prineri,</strong></span> <span class='ocrx_word' id='word_1_7' title='bbox 912 852 952 901; x_wconf 91' lang='lat' dir='ltr'><strong>ae</strong></span> <span class='ocrx_word' id='word_1_8' title='bbox 981 834 1017 902; x_wconf 86' lang='lat' dir='ltr'><strong>in</strong></span> <span class='ocrx_word' id='word_1_9' title='bbox 1047 834 1186 904; x_wconf 84' lang='lat' dir='ltr'><strong>rostieos</strong></span> <span class='ocrx_word' id='word_1_10' title='bbox 1299 889 1302 902; x_wconf 94' lang='lat'><em>.</em></span> 
     </span>
    </p>
   </div>
   <div class='ocr_carea' id='block_1_2' title="bbox 71 586 1187 816">
    <p class='ocr_par' dir='ltr' id='par_1_2' title="bbox 71 586 1187 816">
     <span class='ocr_line' id='line_1_2' title="bbox 71 586 1184 708; baseline -0.002 -17"><span class='ocrx_word' id='word_1_11' title='bbox 71 619 162 691; x_wconf 86' lang='lat' dir='ltr'><strong>ierom</strong></span> <span class='ocrx_word' id='word_1_12' title='bbox 177 617 280 689; x_wconf 85' lang='lat' dir='ltr'><strong>exeis</strong></span> <span class='ocrx_word' id='word_1_13' title='bbox 296 635 354 708; x_wconf 87' lang='lat' dir='ltr'><strong>pro</strong></span> <span class='ocrx_word' id='word_1_14' title='bbox 371 637 408 688; x_wconf 83' lang='lat' dir='ltr'><strong>se</strong></span> <span class='ocrx_word' id='word_1_15' title='bbox 422 615 511 707; x_wconf 76' lang='lat' dir='ltr'><strong>ipre·</strong></span> <span class='ocrx_word' id='word_1_16' title='bbox 522 611 700 705; x_wconf 70' lang='lat' dir='ltr'><strong>eeenperln</strong></span> <span class='ocrx_word' id='word_1_17' title='bbox 716 621 748 686; x_wconf 92' lang='lat' dir='ltr'><strong>et</strong></span> <span class='ocrx_word' id='word_1_18' title='bbox 764 614 837 686; x_wconf 89' lang='lat' dir='ltr'><strong>illio</strong></span> <span class='ocrx_word' id='word_1_19' title='bbox 851 586 928 688; x_wconf 78' lang='lat' dir='ltr'><strong>snos</strong></span> <span class='ocrx_word' id='word_1_20' title='bbox 945 617 1083 690; x_wconf 84' lang='lat' dir='ltr'><strong>melleos</strong></span> <span class='ocrx_word' id='word_1_21' title='bbox 1098 615 1184 690; x_wconf 87' lang='lat' dir='ltr'><strong>loea·</strong></span> 
     </span>
     <span class='ocr_line' id='line_1_3' title="bbox 71 724 1187 816; baseline 0 -20"><span class='ocrx_word' id='word_1_22' title='bbox 71 727 116 816; x_wconf 87' lang='lat' dir='ltr'><strong>tis,</strong></span> <span class='ocrx_word' id='word_1_23' title='bbox 129 728 216 815; x_wconf 83' lang='lat' dir='ltr'><strong>ipsis,</strong></span> <span class='ocrx_word' id='word_1_24' title='bbox 231 733 267 796; x_wconf 88' lang='lat' dir='ltr'><strong>rt</strong></span> <span class='ocrx_word' id='word_1_25' title='bbox 283 747 339 796; x_wconf 87' lang='lat' dir='ltr'><strong>eos</strong></span> <span class='ocrx_word' id='word_1_26' title='bbox 353 726 524 815; x_wconf 84' lang='lat' dir='ltr'><strong>premissis</strong></span> <span class='ocrx_word' id='word_1_27' title='bbox 539 744 650 795; x_wconf 90' lang='lat' dir='ltr'><strong>eornm</strong></span> <span class='ocrx_word' id='word_1_28' title='bbox 679 724 886 794; x_wconf 72' lang='lat' dir='ltr'>libertatibus</span> <span class='ocrx_word' id='word_1_29' title='bbox 901 746 941 794; x_wconf 83' lang='lat' dir='ltr'><strong>ao</strong></span> <span class='ocrx_word' id='word_1_30' title='bbox 972 727 1187 816; x_wconf 82' lang='lat' dir='ltr'><strong>possessioni·</strong></span> 
     </span>
    </p>
   </div>
   <div class='ocr_carea' id='block_1_3' title="bbox 71 939 1187 1028">
    <p class='ocr_par' dir='ltr' id='par_1_3' title="bbox 71 939 1187 1028">
     <span class='ocr_line' id='line_1_4' title="bbox 71 939 1187 1028; baseline -0.004 -15"><span class='ocrx_word' id='word_1_31' title='bbox 71 951 246 1014; x_wconf 87' lang='lat' dir='ltr'><strong>eonnertere</strong></span> <span class='ocrx_word' id='word_1_32' title='bbox 276 946 421 1028; x_wconf 75' lang='lat' dir='ltr'>possent,</span> <span class='ocrx_word' id='word_1_33' title='bbox 453 948 569 1010; x_wconf 72' lang='lat' dir='ltr'><strong>eontra</strong></span> <span class='ocrx_word' id='word_1_34' title='bbox 596 939 774 1026; x_wconf 80' lang='lat' dir='ltr'><strong>premieres</strong></span> <span class='ocrx_word' id='word_1_35' title='bbox 809 957 917 1008; x_wconf 88' lang='lat' dir='ltr'><strong>eorum</strong></span> <span class='ocrx_word' id='word_1_36' title='bbox 958 939 1125 1010; x_wconf 74' lang='lat' dir='ltr'><strong>libertates</strong></span> <span class='ocrx_word' id='word_1_37' title='bbox 1154 947 1187 1011; x_wconf 91' lang='lat' dir='ltr'><strong>et</strong></span> 
     </span>
    </p>
   </div>
   <div class='ocr_carea' id='block_1_4' title="bbox 1 1029 1188 1140">
    <p class='ocr_par' dir='ltr' id='par_1_4' title="bbox 1 1029 1188 1140">
     <span class='ocr_line' id='line_1_5' title="bbox 1 1029 1188 1140; baseline 0.007 -30"><span class='ocrx_word' id='word_1_38' title='bbox 1 1029 2 1110; x_wconf 86' lang='grc' dir='ltr'>ἶ</span> <span class='ocrx_word' id='word_1_39' title='bbox 69 1047 369 1140; x_wconf 66' lang='lat' dir='ltr'><strong>gentesmentes</strong></span> <span class='ocrx_word' id='word_1_40' title='bbox 395 1047 616 1138; x_wconf 75' lang='lat' dir='ltr'><strong>multiplieiter</strong></span> <span class='ocrx_word' id='word_1_41' title='bbox 645 1047 903 1135; x_wconf 81' lang='lat' dir='ltr'><strong>impediuieeenr,</strong></span> <span class='ocrx_word' id='word_1_42' title='bbox 937 1052 1188 1138; x_wconf 66' lang='lat' dir='ltr'><strong>tresenreuter</strong></span> 
     </span>
    </p>
   </div>
   <div class='ocr_carea' id='block_1_5' title="bbox 1 1139 1430 1245">
    <p class='ocr_par' dir='ltr' id='par_1_5' title="bbox 1 1139 1430 1245">
     <span class='ocr_line' id='line_1_6' title="bbox 1 1139 1430 1245; baseline -0.001 -17"><span class='ocrx_word' id='word_1_43' title='bbox 1 1201 2 1232; x_wconf 69' lang='lat'>1</span> <span class='ocrx_word' id='word_1_44' title='bbox 70 1163 285 1245; x_wconf 65' lang='lat' dir='ltr'><strong>sperassent,</strong></span> <span class='ocrx_word' id='word_1_45' title='bbox 301 1155 536 1241; x_wconf 78' lang='lat' dir='ltr'><strong>querimoniam</strong></span> <span class='ocrx_word' id='word_1_46' title='bbox 566 1155 796 1244; x_wconf 63' lang='lat' dir='ltr'>porrexissent</span> <span class='ocrx_word' id='word_1_47' title='bbox 811 1156 851 1225; x_wconf 90' lang='lat' dir='ltr'><strong>In</strong></span> <span class='ocrx_word' id='word_1_48' title='bbox 881 1159 1076 1226; x_wconf 88' lang='lat' dir='ltr'><strong>eontrarium</strong></span> <span class='ocrx_word' id='word_1_49' title='bbox 1108 1175 1186 1227; x_wconf 83' lang='lat' dir='ltr'><strong>vere</strong></span> <span class='ocrx_word' id='word_1_50' title='bbox 1301 1158 1303 1162; x_wconf 81' lang='grc'><strong>’</strong></span> <span class='ocrx_word' id='word_1_51' title='bbox 1428 1139 1430 1150; x_wconf 67' lang='grc'><strong>’</strong></span> 
     </span>
    </p>
   </div>
   <div class='ocr_carea' id='block_1_6' title="bbox 67 1261 1187 1352">
    <p class='ocr_par' dir='ltr' id='par_1_6' title="bbox 1 1259 1187 1352">
     <span class='ocr_line' id='line_1_7' title="bbox 67 1261 1187 1352; baseline -0.003 -14.223"><span class='ocrx_word' id='word_1_52' title='bbox 67 1264 198 1334; x_wconf 86' lang='lat' dir='ltr'><strong>ilrieeins</strong></span> <span class='ocrx_word' id='word_1_53' title='bbox 229 1263 316 1333; x_wconf 86' lang='lat' dir='ltr'><strong>tilius</strong></span> <span class='ocrx_word' id='word_1_54' title='bbox 331 1263 462 1334; x_wconf 74' lang='lat' dir='ltr'><strong>naeres</strong></span> <span class='ocrx_word' id='word_1_55' title='bbox 478 1263 520 1332; x_wconf 85' lang='lat' dir='ltr'><strong>ee</strong></span> <span class='ocrx_word' id='word_1_56' title='bbox 534 1263 705 1348; x_wconf 81' lang='lat' dir='ltr'><strong>Saerlreee,</strong></span> <span class='ocrx_word' id='word_1_57' title='bbox 723 1261 898 1332; x_wconf 81' lang='lat' dir='ltr'><strong>familiaris</strong></span> <span class='ocrx_word' id='word_1_58' title='bbox 913 1265 1039 1352; x_wconf 85' lang='lat' dir='ltr'><strong>prelnte</strong></span> <span class='ocrx_word' id='word_1_59' title='bbox 1055 1263 1187 1334; x_wconf 91' lang='lat' dir='ltr'><strong>domine</strong></span> 
     </span>
    </p>
   </div>
   <div class='ocr_carea' id='block_1_7' title="bbox 1 1371 1456 1468">
    <p class='ocr_par' dir='ltr' id='par_1_7' title="bbox 1 1371 1456 1468">
     <span class='ocr_line' id='line_1_8' title="bbox 1 1371 1456 1468; baseline 0.006 -29"><span class='ocrx_word' id='word_1_60' title='bbox 1 1383 2 1454; x_wconf 53' lang='grc' dir='ltr'>ξ</span> <span class='ocrx_word' id='word_1_61' title='bbox 69 1373 240 1444; x_wconf 85' lang='lat' dir='ltr'><strong>etiliornm</strong></span> <span class='ocrx_word' id='word_1_62' title='bbox 255 1391 400 1458; x_wconf 84' lang='lat' dir='ltr'><strong>snorum,</strong></span> <span class='ocrx_word' id='word_1_63' title='bbox 414 1371 457 1440; x_wconf 83' lang='lat' dir='ltr'><strong>ad</strong></span> <span class='ocrx_word' id='word_1_64' title='bbox 473 1371 621 1441; x_wconf 86' lang='lat' dir='ltr'><strong>eiusdem</strong></span> <span class='ocrx_word' id='word_1_65' title='bbox 638 1371 761 1440; x_wconf 86' lang='lat' dir='ltr'><strong>domini</strong></span> <span class='ocrx_word' id='word_1_66' title='bbox 793 1371 894 1440; x_wconf 87' lang='lat' dir='ltr'><strong>nostri</strong></span> <span class='ocrx_word' id='word_1_67' title='bbox 924 1373 1023 1462; x_wconf 74' lang='lat' dir='ltr'><strong>Regis</strong></span> <span class='ocrx_word' id='word_1_68' title='bbox 1054 1393 1186 1459; x_wconf 87' lang='lat' dir='ltr'><strong>presen-</strong></span> <span class='ocrx_word' id='word_1_69' title='bbox 1304 1389 1307 1394; x_wconf 89' lang='grc'><em>·</em></span> <span class='ocrx_word' id='word_1_70' title='bbox 1416 1435 1456 1468; x_wconf 80' lang='lat'><strong>.·</strong></span> 
     </span>
    </p>
   </div>
   <div class='ocr_carea' id='block_1_8' title="bbox 1 1479 1183 1676">
    <p class='ocr_par' dir='ltr' id='par_1_8' title="bbox 1 1475 1183 1676">
     <span class='ocr_line' id='line_1_9' title="bbox 69 1479 1182 1570; baseline 0.002 -21.885"><span class='ocrx_word' id='word_1_71' title='bbox 69 1479 142 1550; x_wconf 83' lang='lat' dir='ltr'><strong>eiam</strong></span> <span class='ocrx_word' id='word_1_72' title='bbox 170 1481 340 1568; x_wconf 81' lang='lat' dir='ltr'><strong>aeeedens,</strong></span> <span class='ocrx_word' id='word_1_73' title='bbox 355 1481 539 1550; x_wconf 85' lang='lat' dir='ltr'><strong>nominihus</strong></span> <span class='ocrx_word' id='word_1_74' title='bbox 565 1489 599 1550; x_wconf 89' lang='lat' dir='ltr'><strong>et</strong></span> <span class='ocrx_word' id='word_1_75' title='bbox 614 1481 648 1548; x_wconf 93' lang='lat' dir='ltr'><strong>in</strong></span> <span class='ocrx_word' id='word_1_76' title='bbox 665 1479 811 1570; x_wconf 88' lang='lat' dir='ltr'><strong>personis</strong></span> <span class='ocrx_word' id='word_1_77' title='bbox 834 1479 976 1567; x_wconf 88' lang='lat' dir='ltr'><strong>ipsorum</strong></span> <span class='ocrx_word' id='word_1_78' title='bbox 992 1482 1132 1550; x_wconf 84' lang='lat' dir='ltr'><strong>liliorum</strong></span> <span class='ocrx_word' id='word_1_79' title='bbox 1150 1491 1182 1550; x_wconf 91' lang='lat' dir='ltr'><strong>et</strong></span> 
     </span>
     <span class='ocr_line' id='line_1_10' title="bbox 1 1587 1183 1676; baseline 0.002 -19"><span class='ocrx_word' id='word_1_80' title='bbox 1 1637 2 1664; x_wconf 54' lang='lat'>2</span> <span class='ocrx_word' id='word_1_81' title='bbox 70 1589 170 1658; x_wconf 87' lang='lat' dir='ltr'><strong>reliete</strong></span> <span class='ocrx_word' id='word_1_82' title='bbox 184 1587 317 1656; x_wconf 77' lang='lat' dir='ltr'><strong>Martini</strong></span> <span class='ocrx_word' id='word_1_83' title='bbox 331 1589 427 1675; x_wconf 82' lang='lat' dir='ltr'><strong>Bari,</strong></span> <span class='ocrx_word' id='word_1_84' title='bbox 441 1589 532 1675; x_wconf 88' lang='lat' dir='ltr'><strong>ipsos</strong></span> <span class='ocrx_word' id='word_1_85' title='bbox 547 1587 712 1676; x_wconf 84' lang='lat' dir='ltr'><strong>prediales</strong></span> <span class='ocrx_word' id='word_1_86' title='bbox 738 1587 864 1674; x_wconf 82' lang='lat' dir='ltr'><strong>prelato</strong></span> <span class='ocrx_word' id='word_1_87' title='bbox 894 1588 1031 1656; x_wconf 81' lang='lat' dir='ltr'><strong>Mentire</strong></span> <span class='ocrx_word' id='word_1_88' title='bbox 1048 1597 1081 1658; x_wconf 91' lang='lat' dir='ltr'><strong>et</strong></span> <span class='ocrx_word' id='word_1_89' title='bbox 1111 1590 1183 1676; x_wconf 83' lang='lat' dir='ltr'><strong>ejns</strong></span> 
     </span>
    </p>
   </div>
   <div class='ocr_carea' id='block_1_9' title="bbox 1 1699 4 1827">
    <p class='ocr_par' dir='ltr' id='par_1_9' title="bbox 1 1699 4 1827">
     <span class='ocr_line' id='line_1_11' title="bbox 1 1699 2 1752; baseline 0 0"><span class='ocrx_word' id='word_1_90' title='bbox 1 1699 2 1752; x_wconf 85' lang='lat' dir='ltr'><strong>l</strong></span> 
     </span>
     <span class='ocr_line' id='line_1_12' title="bbox 1 1775 4 1827; baseline 0 0"><span class='ocrx_word' id='word_1_91' title='bbox 1 1775 4 1827; x_wconf 85' lang='lat' dir='ltr'><strong>l</strong></span> 
     </span>
    </p>
   </div>
   <div class='ocr_carea' id='block_1_10' title="bbox 1 2119 9 2247">
    <p class='ocr_par' dir='ltr' id='par_1_10' title="bbox 1 2119 9 2247">
     <span class='ocr_line' id='line_1_13' title="bbox 1 2119 9 2247; baseline 0 0"><span class='ocrx_word' id='word_1_92' title='bbox 1 2119 9 2247; x_wconf 84' lang='lat' dir='ltr'><strong>l</strong></span> 
     </span>
    </p>
   </div>
   <div class='ocr_carea' id='block_1_11' title="bbox 1 1693 1312 1891">
    <p class='ocr_par' dir='ltr' id='par_1_11' title="bbox 1 1693 1312 1891">
     <span class='ocr_line' id='line_1_14' title="bbox 68 1693 1312 1782; baseline -0.002 -18"><span class='ocrx_word' id='word_1_93' title='bbox 68 1695 135 1782; x_wconf 72' lang='lat' dir='ltr'><strong>iliis</strong></span> <span class='ocrx_word' id='word_1_94' title='bbox 148 1693 250 1782; x_wconf 80' lang='lat' dir='ltr'><strong>leros,</strong></span> <span class='ocrx_word' id='word_1_95' title='bbox 279 1696 374 1764; x_wconf 71' lang='lat' dir='ltr'><strong>iuxta</strong></span> <span class='ocrx_word' id='word_1_96' title='bbox 397 1714 490 1764; x_wconf 83' lang='lat' dir='ltr'><strong>enam</strong></span> <span class='ocrx_word' id='word_1_97' title='bbox 509 1695 646 1781; x_wconf 78' lang='lat' dir='ltr'><strong>Regiam</strong></span> <span class='ocrx_word' id='word_1_98' title='bbox 663 1695 877 1765; x_wconf 69' lang='lat' dir='ltr'><strong>donacionem</strong></span> <span class='ocrx_word' id='word_1_99' title='bbox 893 1697 942 1764; x_wconf 88' lang='lat' dir='ltr'><strong>eie</strong></span> <span class='ocrx_word' id='word_1_100' title='bbox 956 1696 1089 1782; x_wconf 80' lang='lat' dir='ltr'><strong>lsetam,</strong></span> <span class='ocrx_word' id='word_1_101' title='bbox 1106 1695 1181 1766; x_wconf 88' lang='lat' dir='ltr'><strong>eo&#39;n·</strong></span> <span class='ocrx_word' id='word_1_102' title='bbox 1308 1775 1312 1780; x_wconf 25' lang='grc' dir='ltr'>Ι</span> 
     </span>
     <span class='ocr_line' id='line_1_15' title="bbox 1 1802 1185 1891; baseline -0.002 -17"><span class='ocrx_word' id='word_1_103' title='bbox 1 1853 2 1858; x_wconf 65' lang='lat'><strong>,</strong></span> <span class='ocrx_word' id='word_1_104' title='bbox 69 1819 215 1890; x_wconf 77' lang='lat' dir='ltr'><strong>rorasse,</strong></span> <span class='ocrx_word' id='word_1_105' title='bbox 232 1821 275 1872; x_wconf 83' lang='lat' dir='ltr'><strong>ex</strong></span> <span class='ocrx_word' id='word_1_106' title='bbox 301 1822 406 1888; x_wconf 86' lang='lat' dir='ltr'><strong>eoque</strong></span> <span class='ocrx_word' id='word_1_107' title='bbox 435 1802 527 1891; x_wconf 85' lang='lat' dir='ltr'><strong>ipsos</strong></span> <span class='ocrx_word' id='word_1_108' title='bbox 558 1803 593 1870; x_wconf 94' lang='lat' dir='ltr'><strong>in</strong></span> <span class='ocrx_word' id='word_1_109' title='bbox 627 1803 793 1890; x_wconf 86' lang='lat' dir='ltr'><strong>premissis</strong></span> <span class='ocrx_word' id='word_1_110' title='bbox 824 1803 1016 1872; x_wconf 86' lang='lat' dir='ltr'><strong>innoeentes</strong></span> <span class='ocrx_word' id='word_1_111' title='bbox 1045 1804 1185 1872; x_wconf 76' lang='lat' dir='ltr'><strong>existere</strong></span> 
     </span>
    </p>
   </div>
   <div class='ocr_carea' id='block_1_12' title="bbox 70 1907 1193 2642">
    <p class='ocr_par' dir='ltr' id='par_1_12' title="bbox 70 1907 1193 2642">
     <span class='ocr_line' id='line_1_16' title="bbox 70 1907 1184 1998; baseline 0 -20"><span class='ocrx_word' id='word_1_112' title='bbox 70 1907 274 1998; x_wconf 83' lang='lat' dir='ltr'><strong>pateieeisset.</strong></span> <span class='ocrx_word' id='word_1_113' title='bbox 290 1909 335 1976; x_wconf 81' lang='lat' dir='ltr'><strong>Et</strong></span> <span class='ocrx_word' id='word_1_114' title='bbox 349 1909 534 1979; x_wconf 83' lang='lat' dir='ltr'><strong>huiusmodi</strong></span> <span class='ocrx_word' id='word_1_115' title='bbox 549 1911 688 1997; x_wconf 81' lang='lat' dir='ltr'><strong>querelis</strong></span> <span class='ocrx_word' id='word_1_116' title='bbox 708 1912 877 1981; x_wconf 78' lang='lat' dir='ltr'><strong>ambarum</strong></span> <span class='ocrx_word' id='word_1_117' title='bbox 895 1911 1037 1998; x_wconf 89' lang='lat' dir='ltr'><strong>paroiom</strong></span> <span class='ocrx_word' id='word_1_118' title='bbox 1054 1930 1184 1998; x_wconf 84' lang='lat' dir='ltr'><strong>peroep</strong></span> 
     </span>
     <span class='ocr_line' id='line_1_17' title="bbox 71 2014 1187 2106; baseline 0 -20"><span class='ocrx_word' id='word_1_119' title='bbox 71 2015 114 2104; x_wconf 82' lang='lat' dir='ltr'><strong>tis,</strong></span> <span class='ocrx_word' id='word_1_120' title='bbox 129 2015 210 2086; x_wconf 83' lang='lat' dir='ltr'><strong>idem</strong></span> <span class='ocrx_word' id='word_1_121' title='bbox 227 2014 380 2086; x_wconf 88' lang='lat' dir='ltr'><strong>dominns</strong></span> <span class='ocrx_word' id='word_1_122' title='bbox 397 2024 508 2086; x_wconf 89' lang='lat' dir='ltr'><strong>noster</strong></span> <span class='ocrx_word' id='word_1_123' title='bbox 521 2017 594 2085; x_wconf 86' lang='lat' dir='ltr'><strong>Rex</strong></span> <span class='ocrx_word' id='word_1_124' title='bbox 625 2017 718 2087; x_wconf 87' lang='lat' dir='ltr'><strong>nobie</strong></span> <span class='ocrx_word' id='word_1_125' title='bbox 749 2018 832 2087; x_wconf 88' lang='lat' dir='ltr'><strong>inter</strong></span> <span class='ocrx_word' id='word_1_126' title='bbox 862 2019 993 2088; x_wconf 90' lang='lat' dir='ltr'><strong>eosdem</strong></span> <span class='ocrx_word' id='word_1_127' title='bbox 1024 2018 1187 2106; x_wconf 86' lang='lat' dir='ltr'><strong>predieles</strong></span> 
     </span>
     <span class='ocr_line' id='line_1_18' title="bbox 70 2123 1188 2215; baseline 0.001 -22"><span class='ocrx_word' id='word_1_128' title='bbox 70 2123 280 2212; x_wconf 69' lang='lat' dir='ltr'><strong>prolatamque</strong></span> <span class='ocrx_word' id='word_1_129' title='bbox 298 2124 465 2192; x_wconf 84' lang='lat' dir='ltr'><strong>dominam</strong></span> <span class='ocrx_word' id='word_1_130' title='bbox 482 2131 515 2192; x_wconf 91' lang='lat' dir='ltr'><strong>et</strong></span> <span class='ocrx_word' id='word_1_131' title='bbox 531 2125 616 2193; x_wconf 87' lang='lat' dir='ltr'><strong>lilios</strong></span> <span class='ocrx_word' id='word_1_132' title='bbox 631 2124 701 2192; x_wconf 88' lang='lat' dir='ltr'><strong>eius</strong></span> <span class='ocrx_word' id='word_1_133' title='bbox 716 2125 865 2194; x_wconf 90' lang='lat' dir='ltr'><strong>omnibns</strong></span> <span class='ocrx_word' id='word_1_134' title='bbox 875 2125 1006 2215; x_wconf 88' lang='lat' dir='ltr'><strong>jnrihne</strong></span> <span class='ocrx_word' id='word_1_135' title='bbox 1021 2132 1054 2192; x_wconf 90' lang='lat' dir='ltr'><strong>et</strong></span> <span class='ocrx_word' id='word_1_136' title='bbox 1070 2125 1188 2194; x_wconf 85' lang='lat' dir='ltr'><strong>littere·</strong></span> 
     </span>
     <span class='ocr_line' id='line_1_19' title="bbox 72 2229 1186 2320; baseline -0.001 -20"><span class='ocrx_word' id='word_1_137' title='bbox 72 2229 148 2300; x_wconf 80' lang='lat' dir='ltr'><strong>titre</strong></span> <span class='ocrx_word' id='word_1_138' title='bbox 171 2230 318 2318; x_wconf 84' lang='lat' dir='ltr'><strong>ipsorum</strong></span> <span class='ocrx_word' id='word_1_139' title='bbox 341 2231 573 2319; x_wconf 84' lang='lat' dir='ltr'><strong>instrumentis,</strong></span> <span class='ocrx_word' id='word_1_140' title='bbox 604 2232 724 2300; x_wconf 84' lang='lat' dir='ltr'><strong>faelem</strong></span> <span class='ocrx_word' id='word_1_141' title='bbox 756 2232 948 2320; x_wconf 88' lang='lat' dir='ltr'><strong>premissum</strong></span> <span class='ocrx_word' id='word_1_142' title='bbox 979 2233 1186 2318; x_wconf 78' lang='lat' dir='ltr'><strong>tangentibus</strong></span> 
     </span>
     <span class='ocr_line' id='line_1_20' title="bbox 70 2337 1184 2429; baseline 0.002 -23"><span class='ocrx_word' id='word_1_143' title='bbox 70 2337 260 2429; x_wconf 77' lang='lat' dir='ltr'><strong>ennimtie,</strong></span> <span class='ocrx_word' id='word_1_144' title='bbox 277 2339 620 2428; x_wconf 86' lang='lat' dir='ltr'><strong>proposieionihnsqne</strong></span> <span class='ocrx_word' id='word_1_145' title='bbox 636 2339 764 2427; x_wconf 82' lang='lat' dir='ltr'><strong>aealijs</strong></span> <span class='ocrx_word' id='word_1_146' title='bbox 780 2339 950 2426; x_wconf 76' lang='lat' dir='ltr'><strong>legittimie</strong></span> <span class='ocrx_word' id='word_1_147' title='bbox 982 2339 1184 2416; x_wconf 87' lang='lat' dir='ltr'><strong>doenmentis</strong></span> 
     </span>
     <span class='ocr_line' id='line_1_21' title="bbox 71 2443 1193 2534; baseline 0.002 -20"><span class='ocrx_word' id='word_1_148' title='bbox 71 2443 237 2532; x_wconf 70' lang='lat' dir='ltr'><strong>intelleetia</strong></span> <span class='ocrx_word' id='word_1_149' title='bbox 269 2467 384 2516; x_wconf 82' lang='lat' dir='ltr'><strong>rernm</strong></span> <span class='ocrx_word' id='word_1_150' title='bbox 400 2453 433 2516; x_wconf 91' lang='lat' dir='ltr'><strong>et</strong></span> <span class='ocrx_word' id='word_1_151' title='bbox 462 2447 583 2517; x_wconf 83' lang='lat' dir='ltr'><strong>instem</strong></span> <span class='ocrx_word' id='word_1_152' title='bbox 607 2446 766 2534; x_wconf 83' lang='lat' dir='ltr'><strong>jndioinm</strong></span> <span class='ocrx_word' id='word_1_153' title='bbox 798 2447 908 2517; x_wconf 83' lang='lat' dir='ltr'><strong>lacere</strong></span> <span class='ocrx_word' id='word_1_154' title='bbox 938 2447 1193 2534; x_wconf 82' lang='lat' dir='ltr'><strong>demandasset3</strong></span> 
     </span>
     <span class='ocr_line' id='line_1_22' title="bbox 70 2549 1186 2642; baseline 0.006 -25"><span class='ocrx_word' id='word_1_155' title='bbox 70 2549 307 2641; x_wconf 83' lang='lat' dir='ltr'><strong>hrinsmodiqne</strong></span> <span class='ocrx_word' id='word_1_156' title='bbox 316 2552 436 2639; x_wconf 87' lang='lat' dir='ltr'><strong>jndieij</strong></span> <span class='ocrx_word' id='word_1_157' title='bbox 447 2559 479 2622; x_wconf 92' lang='lat' dir='ltr'><strong>et</strong></span> <span class='ocrx_word' id='word_1_158' title='bbox 495 2553 627 2642; x_wconf 88' lang='lat' dir='ltr'><strong>jostieie</strong></span> <span class='ocrx_word' id='word_1_159' title='bbox 641 2555 793 2641; x_wconf 80' lang='lat' dir='ltr'><strong>impensio</strong></span> <span class='ocrx_word' id='word_1_160' title='bbox 810 2553 854 2622; x_wconf 90' lang='lat' dir='ltr'><strong>ad</strong></span> <span class='ocrx_word' id='word_1_161' title='bbox 868 2562 1035 2642; x_wconf 78' lang='lat' dir='ltr'><strong>presentes</strong></span> <span class='ocrx_word' id='word_1_162' title='bbox 1051 2561 1186 2624; x_wconf 83' lang='lat' dir='ltr'><strong>oeteuee</strong></span> 
     </span>
    </p>
   </div>
   <div class='ocr_carea' id='block_1_13' title="bbox 25 2658 1230 2750">
    <p class='ocr_par' dir='ltr' id='par_1_13' title="bbox 25 2658 1230 2750">
     <span class='ocr_line' id='line_1_23' title="bbox 25 2658 1230 2750; baseline 0.004 -25"><span class='ocrx_word' id='word_1_163' title='bbox 25 2696 29 2704; x_wconf 91' lang='lat'><em>·</em></span> <span class='ocrx_word' id='word_1_164' title='bbox 73 2658 127 2728; x_wconf 87' lang='lat' dir='ltr'><strong>liei</strong></span> <span class='ocrx_word' id='word_1_165' title='bbox 155 2661 253 2750; x_wconf 86' lang='lat' dir='ltr'><strong>llerlij</strong></span> <span class='ocrx_word' id='word_1_166' title='bbox 287 2660 413 2731; x_wconf 64' lang='lat' dir='ltr'><strong>Xln-me</strong></span> <span class='ocrx_word' id='word_1_167' title='bbox 442 2661 557 2730; x_wconf 86' lang='lat' dir='ltr'><strong>luisset</strong></span> <span class='ocrx_word' id='word_1_168' title='bbox 585 2662 743 2746; x_wconf 81' lang='lat' dir='ltr'><strong>dedneta3</strong></span> <span class='ocrx_word' id='word_1_169' title='bbox 773 2682 891 2750; x_wconf 89' lang='lat' dir='ltr'><strong>nempe</strong></span> <span class='ocrx_word' id='word_1_170' title='bbox 925 2663 1047 2732; x_wconf 84' lang='lat' dir='ltr'><strong>eisdem</strong></span> <span class='ocrx_word' id='word_1_171' title='bbox 1063 2664 1187 2735; x_wconf 85' lang='lat' dir='ltr'><strong>oetaeis</strong></span> <span class='ocrx_word' id='word_1_172' title='bbox 1227 2733 1230 2742; x_wconf 77' lang='grc'><em>,</em></span> 
     </span>
    </p>
   </div>
   <div class='ocr_carea' id='block_1_14' title="bbox 70 2764 1189 3072">
    <p class='ocr_par' dir='ltr' id='par_1_14' title="bbox 70 2764 1189 3072">
     <span class='ocr_line' id='line_1_24' title="bbox 70 2764 1186 2858; baseline 0.004 -25"><span class='ocrx_word' id='word_1_173' title='bbox 70 2764 254 2839; x_wconf 74' lang='lat' dir='ltr'><strong>instantibus</strong></span> <span class='ocrx_word' id='word_1_174' title='bbox 288 2768 460 2857; x_wconf 86' lang='lat' dir='ltr'><strong>presoripti</strong></span> <span class='ocrx_word' id='word_1_175' title='bbox 490 2769 581 2838; x_wconf 82' lang='lat' dir='ltr'><strong>Elias</strong></span> <span class='ocrx_word' id='word_1_176' title='bbox 614 2771 697 2839; x_wconf 82' lang='lat' dir='ltr'><strong>ilius</strong></span> <span class='ocrx_word' id='word_1_177' title='bbox 712 2768 852 2858; x_wconf 82' lang='lat' dir='ltr'><strong>Mykeeh</strong></span> <span class='ocrx_word' id='word_1_178' title='bbox 869 2769 909 2838; x_wconf 87' lang='lat' dir='ltr'><strong>de</strong></span> <span class='ocrx_word' id='word_1_179' title='bbox 924 2769 1040 2838; x_wconf 84' lang='lat' dir='ltr'><strong>Velike</strong></span> <span class='ocrx_word' id='word_1_180' title='bbox 1054 2770 1186 2856; x_wconf 83' lang='lat' dir='ltr'><strong>llelylre</strong></span> 
     </span>
     <span class='ocr_line' id='line_1_25' title="bbox 73 2873 1189 2965; baseline 0.001 -21"><span class='ocrx_word' id='word_1_181' title='bbox 73 2873 175 2947; x_wconf 76' lang='lat' dir='ltr'><strong>Comes</strong></span> <span class='ocrx_word' id='word_1_182' title='bbox 189 2876 379 2965; x_wconf 75' lang='lat' dir='ltr'><strong>Terrestris,</strong></span> <span class='ocrx_word' id='word_1_183' title='bbox 396 2877 473 2958; x_wconf 88' lang='lat' dir='ltr'><strong>item</strong></span> <span class='ocrx_word' id='word_1_184' title='bbox 489 2877 682 2947; x_wconf 87' lang='lat' dir='ltr'><strong>Benedielos</strong></span> <span class='ocrx_word' id='word_1_185' title='bbox 713 2879 797 2948; x_wconf 87' lang='lat' dir='ltr'><strong>filius</strong></span> <span class='ocrx_word' id='word_1_186' title='bbox 828 2875 964 2945; x_wconf 85' lang='lat' dir='ltr'><strong>alteriue</strong></span> <span class='ocrx_word' id='word_1_187' title='bbox 993 2877 1130 2963; x_wconf 81' lang='lat' dir='ltr'><strong>Mykeeh</strong></span> <span class='ocrx_word' id='word_1_188' title='bbox 1147 2878 1189 2946; x_wconf 88' lang='lat' dir='ltr'><strong>de</strong></span> 
     </span>
     <span class='ocr_line' id='line_1_26' title="bbox 71 2983 1187 3072; baseline -0.001 -17"><span class='ocrx_word' id='word_1_189' title='bbox 71 2983 232 3072; x_wconf 80' lang='lat' dir='ltr'><strong>Bempoeh,</strong></span> <span class='ocrx_word' id='word_1_190' title='bbox 264 2984 411 3054; x_wconf 85' lang='lat' dir='ltr'><strong>Brieeius</strong></span> <span class='ocrx_word' id='word_1_191' title='bbox 426 2985 512 3054; x_wconf 83' lang='lat' dir='ltr'><strong>filins</strong></span> <span class='ocrx_word' id='word_1_192' title='bbox 527 2984 658 3053; x_wconf 88' lang='lat' dir='ltr'><strong>Martini</strong></span> <span class='ocrx_word' id='word_1_193' title='bbox 675 2987 717 3055; x_wconf 92' lang='lat' dir='ltr'><strong>de</strong></span> <span class='ocrx_word' id='word_1_194' title='bbox 733 2985 908 3072; x_wconf 84' lang='lat' dir='ltr'><strong>Kletynoh,</strong></span> <span class='ocrx_word' id='word_1_195' title='bbox 925 2993 957 3052; x_wconf 89' lang='lat' dir='ltr'><strong>et</strong></span> <span class='ocrx_word' id='word_1_196' title='bbox 971 2984 1086 3056; x_wconf 81' lang='lat' dir='ltr'><strong>Leehlr</strong></span> <span class='ocrx_word' id='word_1_197' title='bbox 1103 2984 1187 3054; x_wconf 83' lang='lat' dir='ltr'><strong>filins</strong></span> 
     </span>
    </p>
   </div>
   <div class='ocr_carea' id='block_1_15' title="bbox 19 3087 1188 3180">
    <p class='ocr_par' dir='ltr' id='par_1_15' title="bbox 19 3087 1188 3180">
     <span class='ocr_line' id='line_1_27' title="bbox 19 3087 1188 3180; baseline 0.003 -24"><span class='ocrx_word' id='word_1_198' title='bbox 19 3164 27 3179; x_wconf 28' lang='lat' dir='ltr'>x</span> <span class='ocrx_word' id='word_1_199' title='bbox 72 3087 216 3180; x_wconf 75' lang='lat' dir='ltr'><strong>Stephnni</strong></span> <span class='ocrx_word' id='word_1_200' title='bbox 232 3091 277 3162; x_wconf 83' lang='lat' dir='ltr'><strong>de</strong></span> <span class='ocrx_word' id='word_1_201' title='bbox 294 3091 444 3166; x_wconf 79' lang='lat' dir='ltr'><strong>iwanoeh</strong></span> <span class='ocrx_word' id='word_1_202' title='bbox 476 3093 642 3162; x_wconf 83' lang='lat' dir='ltr'><strong>Prediales</strong></span> <span class='ocrx_word' id='word_1_203' title='bbox 668 3092 747 3162; x_wconf 86' lang='lat' dir='ltr'><strong>dieti</strong></span> <span class='ocrx_word' id='word_1_204' title='bbox 779 3093 884 3162; x_wconf 75' lang='lat' dir='ltr'><strong>castri</strong></span> <span class='ocrx_word' id='word_1_205' title='bbox 914 3092 1048 3180; x_wconf 80' lang='lat' dir='ltr'><strong>Repehi,</strong></span> <span class='ocrx_word' id='word_1_206' title='bbox 1079 3112 1138 3180; x_wconf 90' lang='lat' dir='ltr'><strong>pro</strong></span> <span class='ocrx_word' id='word_1_207' title='bbox 1152 3111 1188 3161; x_wconf 91' lang='lat' dir='ltr'><strong>se</strong></span> 
     </span>
    </p>
   </div>
   <div class='ocr_carea' id='block_1_16' title="bbox 73 3199 1188 3504">
    <p class='ocr_par' dir='ltr' id='par_1_16' title="bbox 73 3199 1188 3504">
     <span class='ocr_line' id='line_1_28' title="bbox 74 3199 1188 3288; baseline 0.001 -22"><span class='ocrx_word' id='word_1_208' title='bbox 74 3199 288 3288; x_wconf 70' lang='lat' dir='ltr'><strong>personaliter,</strong></span> <span class='ocrx_word' id='word_1_209' title='bbox 319 3221 379 3287; x_wconf 95' lang='lat' dir='ltr'><strong>pro</strong></span> <span class='ocrx_word' id='word_1_210' title='bbox 411 3200 578 3287; x_wconf 85' lang='lat' dir='ltr'><strong>Stephano</strong></span> <span class='ocrx_word' id='word_1_211' title='bbox 609 3221 686 3270; x_wconf 85' lang='lat' dir='ltr'><strong>vero</strong></span> <span class='ocrx_word' id='word_1_212' title='bbox 717 3207 750 3269; x_wconf 89' lang='lat' dir='ltr'><strong>et</strong></span> <span class='ocrx_word' id='word_1_213' title='bbox 774 3200 907 3268; x_wconf 86' lang='lat' dir='ltr'><strong>Simone</strong></span> <span class='ocrx_word' id='word_1_214' title='bbox 938 3199 1013 3266; x_wconf 87' lang='lat' dir='ltr'><strong>filiis</strong></span> <span class='ocrx_word' id='word_1_215' title='bbox 1043 3199 1188 3287; x_wconf 77' lang='lat' dir='ltr'><strong>ilettins,</strong></span> 
     </span>
     <span class='ocr_line' id='line_1_29' title="bbox 73 3303 1186 3397; baseline 0.006 -29"><span class='ocrx_word' id='word_1_216' title='bbox 73 3303 190 3374; x_wconf 82' lang='lat' dir='ltr'><strong>Vrhaoo</strong></span> <span class='ocrx_word' id='word_1_217' title='bbox 206 3316 239 3378; x_wconf 94' lang='lat' dir='ltr'><strong>et</strong></span> <span class='ocrx_word' id='word_1_218' title='bbox 263 3308 392 3377; x_wconf 80' lang='lat' dir='ltr'><strong>&#39;l&#39;home</strong></span> <span class='ocrx_word' id='word_1_219' title='bbox 423 3309 502 3396; x_wconf 87' lang='lat' dir='ltr'><strong>tilijr</strong></span> <span class='ocrx_word' id='word_1_220' title='bbox 535 3310 682 3397; x_wconf 81' lang='lat' dir='ltr'><strong>Georgij,</strong></span> <span class='ocrx_word' id='word_1_221' title='bbox 713 3308 850 3376; x_wconf 81' lang='lat' dir='ltr'><strong>Nicolno</strong></span> <span class='ocrx_word' id='word_1_222' title='bbox 878 3305 946 3374; x_wconf 76' lang='lat' dir='ltr'><strong>filio</strong></span> <span class='ocrx_word' id='word_1_223' title='bbox 975 3303 1186 3393; x_wconf 83' lang='lat' dir='ltr'><strong>Dermthyeh,</strong></span> 
     </span>
     <span class='ocr_line' id='line_1_30' title="bbox 73 3409 1188 3504; baseline 0.007 -27"><span class='ocrx_word' id='word_1_224' title='bbox 73 3409 199 3500; x_wconf 78' lang='lat' dir='ltr'><strong>Georgio</strong></span> <span class='ocrx_word' id='word_1_225' title='bbox 228 3416 297 3486; x_wconf 85' lang='lat' dir='ltr'><strong>elie</strong></span> <span class='ocrx_word' id='word_1_226' title='bbox 327 3416 497 3503; x_wconf 78' lang='lat' dir='ltr'><strong>iohannis,</strong></span> <span class='ocrx_word' id='word_1_227' title='bbox 527 3415 662 3485; x_wconf 81' lang='lat' dir='ltr'><strong>Leehlro</strong></span> <span class='ocrx_word' id='word_1_228' title='bbox 692 3417 758 3484; x_wconf 92' lang='lat' dir='ltr'><strong>tilio</strong></span> <span class='ocrx_word' id='word_1_229' title='bbox 795 3413 964 3504; x_wconf 79' lang='lat' dir='ltr'><strong>Stephani,</strong></span> <span class='ocrx_word' id='word_1_230' title='bbox 995 3416 1090 3484; x_wconf 88' lang='lat' dir='ltr'><strong>Petro</strong></span> <span class='ocrx_word' id='word_1_231' title='bbox 1119 3414 1188 3485; x_wconf 91' lang='lat' dir='ltr'><strong>lilio</strong></span> 
     </span>
    </p>
   </div>
   <div class='ocr_carea' id='block_1_17' title="bbox 11 3517 1190 3614">
    <p class='ocr_par' dir='ltr' id='par_1_17' title="bbox 11 3517 1190 3614">
     <span class='ocr_line' id='line_1_31' title="bbox 11 3517 1190 3614; baseline 0.006 -32"><span class='ocrx_word' id='word_1_232' title='bbox 11 3563 18 3582; x_wconf 81' lang='lat'>.</span> <span class='ocrx_word' id='word_1_233' title='bbox 77 3517 208 3592; x_wconf 82' lang='lat' dir='ltr'><strong>eiusdem</strong></span> <span class='ocrx_word' id='word_1_234' title='bbox 224 3523 350 3612; x_wconf 83' lang='lat' dir='ltr'><strong>Laehk,</strong></span> <span class='ocrx_word' id='word_1_235' title='bbox 376 3525 502 3594; x_wconf 80' lang='lat' dir='ltr'><strong>Thema</strong></span> <span class='ocrx_word' id='word_1_236' title='bbox 516 3524 582 3591; x_wconf 90' lang='lat' dir='ltr'><strong>lilio</strong></span> <span class='ocrx_word' id='word_1_237' title='bbox 598 3524 748 3614; x_wconf 80' lang='lat' dir='ltr'><strong>Dyonisij</strong></span> <span class='ocrx_word' id='word_1_238' title='bbox 765 3523 807 3592; x_wconf 88' lang='lat' dir='ltr'><strong>de</strong></span> <span class='ocrx_word' id='word_1_239' title='bbox 823 3523 1020 3611; x_wconf 86' lang='lat' dir='ltr'><strong>Petroeirreh,</strong></span> <span class='ocrx_word' id='word_1_240' title='bbox 1041 3541 1101 3591; x_wconf 90' lang='lat' dir='ltr'><strong>nee</strong></span> <span class='ocrx_word' id='word_1_241' title='bbox 1126 3543 1190 3590; x_wconf 89' lang='lat' dir='ltr'><strong>non</strong></span> 
     </span>
    </p>
   </div>
   <div class='ocr_carea' id='block_1_18' title="bbox 4 3761 7 3856">
    <p class='ocr_par' dir='ltr' id='par_1_18' title="bbox 4 3761 7 3856">
     <span class='ocr_line' id='line_1_32' title="bbox 4 3761 7 3856; baseline 0 0"><span class='ocrx_word' id='word_1_242' title='bbox 4 3761 7 3856; x_wconf 85' lang='lat' dir='ltr'><strong>l</strong></span> 
     </span>
    </p>
   </div>
   <div class='ocr_carea' id='block_1_19' title="bbox 5 3887 7 3936">
    <p class='ocr_par' dir='ltr' id='par_1_19' title="bbox 5 3887 7 3936">
     <span class='ocr_line' id='line_1_33' title="bbox 5 3887 7 3912; baseline 0 0"><span class='ocrx_word' id='word_1_243' title='bbox 5 3887 7 3912; x_wconf 92' lang='grc' dir='ltr'>Ι</span> 
     </span>
     <span class='ocr_line' id='line_1_34' title="bbox 5 3915 7 3936; baseline 0 0"><span class='ocrx_word' id='word_1_244' title='bbox 5 3915 7 3936; x_wconf 88' lang='lat' dir='ltr'><strong>l</strong></span> 
     </span>
    </p>
   </div>
   <div class='ocr_carea' id='block_1_20' title="bbox 72 3623 1189 3936">
    <p class='ocr_par' dir='ltr' id='par_1_20' title="bbox 72 3623 1189 3936">
     <span class='ocr_line' id='line_1_35' title="bbox 73 3623 1189 3718; baseline 0.006 -27"><span class='ocrx_word' id='word_1_245' title='bbox 73 3623 158 3696; x_wconf 86' lang='lat' dir='ltr'><strong>Petro</strong></span> <span class='ocrx_word' id='word_1_246' title='bbox 180 3639 212 3701; x_wconf 87' lang='lat' dir='ltr'><strong>et</strong></span> <span class='ocrx_word' id='word_1_247' title='bbox 227 3631 393 3701; x_wconf 76' lang='lat' dir='ltr'><strong>elemento</strong></span> <span class='ocrx_word' id='word_1_248' title='bbox 422 3631 502 3717; x_wconf 86' lang='lat' dir='ltr'><strong>lilijs</strong></span> <span class='ocrx_word' id='word_1_249' title='bbox 519 3629 675 3718; x_wconf 80' lang='lat' dir='ltr'><strong>eordoee,</strong></span> <span class='ocrx_word' id='word_1_250' title='bbox 707 3630 841 3699; x_wconf 80' lang='lat' dir='ltr'><strong>Andrea</strong></span> <span class='ocrx_word' id='word_1_251' title='bbox 866 3639 991 3700; x_wconf 84' lang='lat' dir='ltr'><strong>sertore</strong></span> <span class='ocrx_word' id='word_1_252' title='bbox 1006 3630 1073 3700; x_wconf 90' lang='lat' dir='ltr'><strong>lilio</strong></span> <span class='ocrx_word' id='word_1_253' title='bbox 1089 3631 1189 3716; x_wconf 87' lang='lat' dir='ltr'><strong>Petri,</strong></span> 
     </span>
     <span class='ocr_line' id='line_1_36' title="bbox 72 3731 1187 3826; baseline 0.007 -28"><span class='ocrx_word' id='word_1_254' title='bbox 72 3731 221 3808; x_wconf 80' lang='lat' dir='ltr'><strong>lothorio</strong></span> <span class='ocrx_word' id='word_1_255' title='bbox 235 3739 304 3809; x_wconf 91' lang='lat' dir='ltr'><strong>tilio</strong></span> <span class='ocrx_word' id='word_1_256' title='bbox 320 3739 428 3826; x_wconf 82' lang='lat' dir='ltr'><strong>Myke,</strong></span> <span class='ocrx_word' id='word_1_257' title='bbox 448 3739 585 3809; x_wconf 84' lang='lat' dir='ltr'><strong>Nieoleo</strong></span> <span class='ocrx_word' id='word_1_258' title='bbox 600 3739 667 3806; x_wconf 91' lang='lat' dir='ltr'><strong>filio</strong></span> <span class='ocrx_word' id='word_1_259' title='bbox 683 3739 840 3824; x_wconf 85' lang='lat' dir='ltr'><strong>eiusdem,</strong></span> <span class='ocrx_word' id='word_1_260' title='bbox 867 3740 962 3808; x_wconf 90' lang='lat' dir='ltr'><strong>Petro</strong></span> <span class='ocrx_word' id='word_1_261' title='bbox 994 3737 1082 3807; x_wconf 80' lang='lat' dir='ltr'><strong>‹lieto</strong></span> <span class='ocrx_word' id='word_1_262' title='bbox 1113 3739 1187 3806; x_wconf 85' lang='lat' dir='ltr'><strong>Zer-</strong></span> 
     </span>
     <span class='ocr_line' id='line_1_37' title="bbox 75 3837 1189 3936; baseline 0.004 -26"><span class='ocrx_word' id='word_1_263' title='bbox 75 3837 214 3931; x_wconf 78' lang='lat' dir='ltr'><strong>dilonieh,</strong></span> <span class='ocrx_word' id='word_1_264' title='bbox 229 3847 370 3934; x_wconf 82' lang='lat' dir='ltr'><strong>Matheo,</strong></span> <span class='ocrx_word' id='word_1_265' title='bbox 385 3847 562 3916; x_wconf 81' lang='lat' dir='ltr'><strong>Freneisco</strong></span> <span class='ocrx_word' id='word_1_266' title='bbox 577 3853 610 3915; x_wconf 89' lang='lat' dir='ltr'><strong>el</strong></span> <span class='ocrx_word' id='word_1_267' title='bbox 625 3847 764 3916; x_wconf 84' lang='lat' dir='ltr'><strong>Nieolao</strong></span> <span class='ocrx_word' id='word_1_268' title='bbox 780 3846 858 3936; x_wconf 89' lang='lat' dir='ltr'><strong>tilijs</strong></span> <span class='ocrx_word' id='word_1_269' title='bbox 872 3847 1052 3930; x_wconf 77' lang='lat' dir='ltr'><strong>Michaelis,</strong></span> <span class='ocrx_word' id='word_1_270' title='bbox 1067 3847 1189 3915; x_wconf 82' lang='lat' dir='ltr'><strong>lohan-</strong></span> 
     </span>
    </p>
   </div>
   <div class='ocr_carea' id='block_1_21' title="bbox 5 3937 1190 4040">
    <p class='ocr_par' dir='ltr' id='par_1_21' title="bbox 5 3937 1190 4040">
     <span class='ocr_line' id='line_1_38' title="bbox 5 3937 1190 4040; baseline 0.001 -20"><span class='ocrx_word' id='word_1_271' title='bbox 5 3937 7 4020; x_wconf 67' lang='grc' dir='ltr'>ἑ</span> <span class='ocrx_word' id='word_1_272' title='bbox 74 3952 184 4021; x_wconf 89' lang='lat' dir='ltr'><strong>nelllio</strong></span> <span class='ocrx_word' id='word_1_273' title='bbox 199 3954 301 4040; x_wconf 70' lang='lat' dir='ltr'><strong>iwan,</strong></span> <span class='ocrx_word' id='word_1_274' title='bbox 321 3954 467 4024; x_wconf 79' lang='lat' dir='ltr'><strong>neriam</strong></span> <span class='ocrx_word' id='word_1_275' title='bbox 496 3953 564 4022; x_wconf 91' lang='lat' dir='ltr'><strong>lilio</strong></span> <span class='ocrx_word' id='word_1_276' title='bbox 594 3953 744 4040; x_wconf 79' lang='lat' dir='ltr'><strong>Fabiani,</strong></span> <span class='ocrx_word' id='word_1_277' title='bbox 775 3954 878 4022; x_wconf 91' lang='lat' dir='ltr'><strong>nobili</strong></span> <span class='ocrx_word' id='word_1_278' title='bbox 911 3953 1045 4025; x_wconf 77' lang='lat' dir='ltr'><strong>domine</strong></span> <span class='ocrx_word' id='word_1_279' title='bbox 1075 3953 1190 4024; x_wconf 85' lang='lat' dir='ltr'><strong>relieta</strong></span> 
     </span>
    </p>
   </div>
   <div class='ocr_carea' id='block_1_22' title="bbox 5 4205 8 4280">
    <p class='ocr_par' dir='ltr' id='par_1_22' title="bbox 5 4205 8 4280">
     <span class='ocr_line' id='line_1_39' title="bbox 5 4205 7 4230; baseline 0 0"><span class='ocrx_word' id='word_1_280' title='bbox 5 4205 7 4230; x_wconf 68' lang='lat' dir='ltr'><strong>r</strong></span> 
     </span>
     <span class='ocr_line' id='line_1_40' title="bbox 5 4231 8 4280; baseline 0 0"><span class='ocrx_word' id='word_1_281' title='bbox 5 4231 8 4280; x_wconf 81' lang='lat' dir='ltr'><strong>t</strong></span> 
     </span>
    </p>
   </div>
   <div class='ocr_carea' id='block_1_23' title="bbox 6 4513 10 4679">
    <p class='ocr_par' dir='ltr' id='par_1_23' title="bbox 6 4491 10 4679">
     <span class='ocr_line' id='line_1_41' title="bbox 6 4513 10 4590; baseline 0 0"><span class='ocrx_word' id='word_1_282' title='bbox 6 4513 10 4590; x_wconf 80' lang='lat' dir='ltr'><strong>t</strong></span> 
     </span>
     <span class='ocr_line' id='line_1_42' title="bbox 6 4607 9 4679; baseline 0 0"><span class='ocrx_word' id='word_1_283' title='bbox 6 4607 9 4679; x_wconf 76' lang='lat' dir='ltr'><strong>l</strong></span> 
     </span>
    </p>
   </div>
   <div class='ocr_carea' id='block_1_24' title="bbox 75 4053 1189 4803">
    <p class='ocr_par' dir='ltr' id='par_1_24' title="bbox 75 4053 1189 4803">
     <span class='ocr_line' id='line_1_43' title="bbox 75 4053 1189 4151; baseline 0.008 -27"><span class='ocrx_word' id='word_1_284' title='bbox 75 4053 194 4151; x_wconf 81' lang='lat' dir='ltr'><strong>ihome,</strong></span> <span class='ocrx_word' id='word_1_285' title='bbox 223 4062 362 4131; x_wconf 78' lang='lat' dir='ltr'><strong>Nicoleo</strong></span> <span class='ocrx_word' id='word_1_286' title='bbox 392 4063 479 4131; x_wconf 82' lang='lat' dir='ltr'><strong>dieto</strong></span> <span class='ocrx_word' id='word_1_287' title='bbox 510 4061 645 4128; x_wconf 80' lang='lat' dir='ltr'><strong>Trrrine</strong></span> <span class='ocrx_word' id='word_1_288' title='bbox 661 4066 693 4130; x_wconf 87' lang='lat' dir='ltr'><strong>et</strong></span> <span class='ocrx_word' id='word_1_289' title='bbox 709 4061 839 4128; x_wconf 88' lang='lat' dir='ltr'><strong>Matheo</strong></span> <span class='ocrx_word' id='word_1_290' title='bbox 864 4062 930 4128; x_wconf 89' lang='lat' dir='ltr'><strong>tilio</strong></span> <span class='ocrx_word' id='word_1_291' title='bbox 946 4061 1033 4128; x_wconf 89' lang='lat' dir='ltr'><strong>Petri</strong></span> <span class='ocrx_word' id='word_1_292' title='bbox 1049 4057 1089 4128; x_wconf 91' lang='lat' dir='ltr'><strong>de</strong></span> <span class='ocrx_word' id='word_1_293' title='bbox 1107 4061 1189 4133; x_wconf 89' lang='lat' dir='ltr'><strong>Zeb-</strong></span> 
     </span>
     <span class='ocr_line' id='line_1_44' title="bbox 75 4161 1187 4256; baseline 0.002 -22"><span class='ocrx_word' id='word_1_294' title='bbox 75 4161 198 4256; x_wconf 76' lang='lat' dir='ltr'><strong>ohyneh,</strong></span> <span class='ocrx_word' id='word_1_295' title='bbox 213 4169 368 4240; x_wconf 84' lang='lat' dir='ltr'><strong>Ledislno</strong></span> <span class='ocrx_word' id='word_1_296' title='bbox 384 4170 450 4239; x_wconf 92' lang='lat' dir='ltr'><strong>tilio</strong></span> <span class='ocrx_word' id='word_1_297' title='bbox 469 4168 658 4256; x_wconf 84' lang='lat' dir='ltr'><strong>hlyohaelis,</strong></span> <span class='ocrx_word' id='word_1_298' title='bbox 675 4175 707 4237; x_wconf 93' lang='lat' dir='ltr'><strong>et</strong></span> <span class='ocrx_word' id='word_1_299' title='bbox 722 4169 894 4237; x_wconf 84' lang='lat' dir='ltr'><strong>Valentino</strong></span> <span class='ocrx_word' id='word_1_300' title='bbox 908 4168 974 4240; x_wconf 88' lang='lat' dir='ltr'><strong>filio</strong></span> <span class='ocrx_word' id='word_1_301' title='bbox 999 4168 1129 4237; x_wconf 83' lang='lat' dir='ltr'><strong>Nicolni</strong></span> <span class='ocrx_word' id='word_1_302' title='bbox 1145 4171 1187 4238; x_wconf 77' lang='lat' dir='ltr'><strong>ele</strong></span> 
     </span>
     <span class='ocr_line' id='line_1_45' title="bbox 75 4265 1187 4365; baseline 0 -21"><span class='ocrx_word' id='word_1_303' title='bbox 75 4265 263 4365; x_wconf 76' lang='lat' dir='ltr'><strong>iodreetine,</strong></span> <span class='ocrx_word' id='word_1_304' title='bbox 294 4278 460 4348; x_wconf 89' lang='lat' dir='ltr'><strong>Demetrio</strong></span> <span class='ocrx_word' id='word_1_305' title='bbox 491 4285 522 4345; x_wconf 88' lang='lat' dir='ltr'><strong>et</strong></span> <span class='ocrx_word' id='word_1_306' title='bbox 539 4276 698 4363; x_wconf 80' lang='lat' dir='ltr'><strong>Gregorio</strong></span> <span class='ocrx_word' id='word_1_307' title='bbox 729 4275 806 4363; x_wconf 85' lang='lat' dir='ltr'><strong>lilijs</strong></span> <span class='ocrx_word' id='word_1_308' title='bbox 836 4275 942 4362; x_wconf 87' lang='lat' dir='ltr'><strong>Banlr,</strong></span> <span class='ocrx_word' id='word_1_309' title='bbox 968 4275 1102 4344; x_wconf 79' lang='lat' dir='ltr'><strong>eneree</strong></span> <span class='ocrx_word' id='word_1_310' title='bbox 1120 4277 1187 4345; x_wconf 88' lang='lat' dir='ltr'><strong>filio</strong></span> 
     </span>
     <span class='ocr_line' id='line_1_46' title="bbox 75 4375 1182 4473; baseline 0.003 -27"><span class='ocrx_word' id='word_1_311' title='bbox 75 4375 231 4473; x_wconf 80' lang='lat' dir='ltr'><strong>Lenrenoij</strong></span> <span class='ocrx_word' id='word_1_312' title='bbox 256 4385 394 4472; x_wconf 63' lang='lat' dir='ltr'><strong>unies,</strong></span> <span class='ocrx_word' id='word_1_313' title='bbox 426 4385 541 4454; x_wconf 85' lang='lat' dir='ltr'><strong>Blasio</strong></span> <span class='ocrx_word' id='word_1_314' title='bbox 557 4391 592 4453; x_wconf 91' lang='lat' dir='ltr'><strong>et</strong></span> <span class='ocrx_word' id='word_1_315' title='bbox 606 4385 681 4452; x_wconf 82' lang='lat' dir='ltr'><strong>Elia</strong></span> <span class='ocrx_word' id='word_1_316' title='bbox 698 4384 771 4470; x_wconf 87' lang='lat' dir='ltr'><strong>lilijs</strong></span> <span class='ocrx_word' id='word_1_317' title='bbox 788 4382 930 4471; x_wconf 82' lang='lat' dir='ltr'><strong>Andree,</strong></span> <span class='ocrx_word' id='word_1_318' title='bbox 956 4383 1082 4471; x_wconf 80' lang='lat' dir='ltr'><strong>Kemyn</strong></span> <span class='ocrx_word' id='word_1_319' title='bbox 1114 4383 1182 4451; x_wconf 87' lang='lat' dir='ltr'><strong>filio</strong></span> 
     </span>
     <span class='ocr_line' id='line_1_47' title="bbox 76 4485 1186 4580; baseline 0.004 -26"><span class='ocrx_word' id='word_1_320' title='bbox 76 4485 209 4580; x_wconf 76' lang='lat' dir='ltr'><strong>Fabiani,</strong></span> <span class='ocrx_word' id='word_1_321' title='bbox 237 4493 368 4564; x_wconf 81' lang='lat' dir='ltr'><strong>Matheo</strong></span> <span class='ocrx_word' id='word_1_322' title='bbox 399 4491 466 4562; x_wconf 90' lang='lat' dir='ltr'><strong>lilio</strong></span> <span class='ocrx_word' id='word_1_323' title='bbox 496 4491 681 4576; x_wconf 79' lang='lat' dir='ltr'><strong>clementis,</strong></span> <span class='ocrx_word' id='word_1_324' title='bbox 712 4491 835 4560; x_wconf 83' lang='lat' dir='ltr'><strong>Jeeobo</strong></span> <span class='ocrx_word' id='word_1_325' title='bbox 866 4497 897 4558; x_wconf 89' lang='lat' dir='ltr'><strong>et</strong></span> <span class='ocrx_word' id='word_1_326' title='bbox 926 4489 1077 4559; x_wconf 79' lang='lat' dir='ltr'><strong>iohanne</strong></span> <span class='ocrx_word' id='word_1_327' title='bbox 1110 4490 1186 4576; x_wconf 90' lang='lat' dir='ltr'><strong>lilije</strong></span> 
     </span>
     <span class='ocr_line' id='line_1_48' title="bbox 76 4593 1186 4696; baseline 0.001 -33"><span class='ocrx_word' id='word_1_328' title='bbox 76 4593 245 4696; x_wconf 78' lang='lat' dir='ltr'><strong>laeeneij,</strong></span> <span class='ocrx_word' id='word_1_329' title='bbox 260 4624 300 4672; x_wconf 88' lang='lat' dir='ltr'><strong>ae</strong></span> <span class='ocrx_word' id='word_1_330' title='bbox 316 4604 457 4689; x_wconf 77' lang='lat' dir='ltr'><strong>Georgio</strong></span> <span class='ocrx_word' id='word_1_331' title='bbox 477 4601 545 4671; x_wconf 87' lang='lat' dir='ltr'><strong>lilio</strong></span> <span class='ocrx_word' id='word_1_332' title='bbox 572 4600 699 4671; x_wconf 83' lang='lat' dir='ltr'><strong>Nieelei</strong></span> <span class='ocrx_word' id='word_1_333' title='bbox 715 4603 757 4669; x_wconf 89' lang='lat' dir='ltr'><strong>de</strong></span> <span class='ocrx_word' id='word_1_334' title='bbox 788 4598 1020 4686; x_wconf 79' lang='lat' dir='ltr'><strong>Drageheweh,</strong></span> <span class='ocrx_word' id='word_1_335' title='bbox 1050 4599 1186 4668; x_wconf 85' lang='lat' dir='ltr'><strong>Nicoloo</strong></span> 
     </span>
     <span class='ocr_line' id='line_1_49' title="bbox 77 4701 1185 4803; baseline 0.004 -34"><span class='ocrx_word' id='word_1_336' title='bbox 77 4701 133 4776; x_wconf 86' lang='lat' dir='ltr'><strong>ilio</strong></span> <span class='ocrx_word' id='word_1_337' title='bbox 159 4709 294 4803; x_wconf 80' lang='lat' dir='ltr'><strong>Nieolei,</strong></span> <span class='ocrx_word' id='word_1_338' title='bbox 323 4711 451 4783; x_wconf 87' lang='lat' dir='ltr'><strong>Brioeio</strong></span> <span class='ocrx_word' id='word_1_339' title='bbox 482 4719 514 4780; x_wconf 89' lang='lat' dir='ltr'><strong>et</strong></span> <span class='ocrx_word' id='word_1_340' title='bbox 529 4711 697 4800; x_wconf 83' lang='lat' dir='ltr'><strong>Stephano</strong></span> <span class='ocrx_word' id='word_1_341' title='bbox 712 4709 790 4795; x_wconf 85' lang='lat' dir='ltr'><strong>tilije</strong></span> <span class='ocrx_word' id='word_1_342' title='bbox 807 4708 938 4780; x_wconf 80' lang='lat' dir='ltr'><strong>Martini</strong></span> <span class='ocrx_word' id='word_1_343' title='bbox 955 4709 998 4782; x_wconf 88' lang='lat' dir='ltr'><strong>de</strong></span> <span class='ocrx_word' id='word_1_344' title='bbox 1012 4707 1185 4802; x_wconf 83' lang='lat' dir='ltr'><strong>Kletyneh,</strong></span> 
     </span>
    </p>
   </div>
   <div class='ocr_carea' id='block_1_25' title="bbox 0 0 1563 5202">
    <p class='ocr_par' dir='ltr' id='par_1_25' title="bbox 0 0 1563 5202">
     <span class='ocr_line' id='line_1_50' title="bbox 0 0 1563 5202; baseline 0 0"><span class='ocrx_word' id='word_1_345' title='bbox 0 0 1563 5202; x_wconf 95' lang='lat' dir='ltr'><strong> </strong></span> 
     </span>
    </p>
   </div>
  </div>
 </body>
</html>
