3096 5202
599 523 760 622 gap—

1 750 2 754 =
114 715 203 784 bikia
215 737 313 786 cruce
328 717 487 806 signatas,
502 719 595 786 iuxta
614 698 697 804 quas
716 725 792 789 snnt
811 718 874 786 due
905 723 989 785 mete
1019 723 1142 803 terree3
1165 719 1242 789 inde

1 828 2 892 ἑ
112 824 273 894 transiens
305 844 364 912 per
379 825 494 894 silvam
517 827 649 895 ¹Lumuo
665 832 897 914 nuncupatam,
912 825 1016 894 tendit
1033 828 1243 914 perlongum

111 935 255 1021 spacium
273 934 317 1001 ad
333 937 481 1002 arborem
497 935 584 1003 soriti
610 954 704 1002 cruce
735 936 910 1020 signatam,
942 934 1035 1002 iuxta
1063 953 1160 1018 quam
1193 941 1243 1003 est

1 1035 3 1120 ξ
103 1041 205 1110 'arhor
236 1041 332 1110 bikr'a
361 1041 510 1108 similiter
541 1062 638 1111 cruce
667 1042 818 1128 signata3
843 1042 963 1110 deinde
999 1042 1168 1110 descendit
1198 1043 1241 1110 ad

1 1131 2 1226 Ῠ
113 1147 285 1234 quemdam
300 1149 439 1218 rivulum
455 1149 580 1219 Lumno
596 1155 757 1238 uocatum,
775 1169 871 1233 quem
902 1149 1066 1218 transiens
1093 1150 1243 1218 ascendit

112 1279 222 1326 uersus
254 1259 520 1345 septemtrionem
551 1258 699 1326 adriam
718 1257 893 1344 publicam,
909 1278 972 1343 que
991 1257 1123 1346 separat
1140 1263 1242 1325 terras

1 1351 3 1432 ἒ
112 1366 267 1436 nobilium
286 1368 329 1433 de
343 1366 450 1453 Blyna
467 1386 488 1433 a
504 1365 651 1453 predicta
671 1372 766 1454 terra,
799 1365 890 1434 iuxta
921 1384 1018 1450 quam
1049 1357 1135 1433 viam
1166 1359 1242 1434 sunt

1 1503 2 1550 3
112 1474 173 1542 due
197 1476 335 1544 arbores
357 1474 554 1559 gercheanfa
571 1482 603 1543 et
619 1473 716 1542 hasta
743 1481 866 1563 uocate,
883 1495 979 1542 cruce
995 1474 1134 1564 signate,
1150 1475 1243 1543 iuxta

11 1601 15 1608 ·
113 1603 192 1670 quas
206 1590 287 1652 sunt
302 1583 366 1651 due
381 1589 467 1650 mete
481 1589 606 1664 terree;
629 1582 749 1652 deinde
768 1581 874 1650 tendit
889 1583 1099 1668 parcendam
1128 1601 1243 1651 ¹versans

113 1689 310 1760 occidentem
340 1711 401 1777 ρετ
431 1711 585 1776 magnum
616 1691 762 1777 spacium
788 1689 831 1758 ad
847 1689 1010 1774 quoddam
1027 1690 1169 1778 trivium,
1186 1689 1243 1757 ubi

1 1814 4 1880 ᾗ,
113 1806 185 1866 sunt
199 1795 264 1866 dne
282 1803 369 1866 mete
385 1805 506 1882 terree3
524 1795 805 1870 deindeascendit
821 1817 881 1882 ρετ
899 1797 1069 1884 quemdam
1086 1798 1242 1864 monticu-

114 1907 176 1974 lum
207 1925 316 1992 usque
345 1905 388 1973 ad
420 1925 575 1974 cacumen
606 1905 730 1991 ipsius;
754 1927 855 1992 aquo
886 1905 1112 1974 demandanda
1138 1904 1243 1972 tendit
1362 1922 1365 1932 ¹

1 2012 2 2094 ἲ
114 2013 153 2080 ad
168 2015 271 2083 alium
290 2014 502 2084 monticulum
519 2013 642 2102 Kynnk
662 2020 820 2102 vocatum,
837 2015 872 2080 in
887 2012 979 2082 cuius
1011 2013 1177 2081 cacumine
1194 2019 1245 2079 est

1 2118 2 2122 ’
114 2126 205 2190 arbor
236 2123 366 2192 cherasi
397 2144 493 2192 croco
527 2124 685 2209 signata3
721 2121 840 2191 deinde
872 2121 1099 2192 descendendo
1129 2139 1242 2188 versus

1 2288 2 2303 2
115 2229 278 2298 meridiem
294 2233 388 2299 iuxta
404 2231 552 2299 arborem
573 2231 635 2316 piri
666 2229 823 2298 silvestris
854 2229 959 2297 tendit
988 2250 1048 2316 ρετ
1077 2228 1240 2297 modicum

1 2379 3 2440 3
115 2340 256 2425 spacium
290 2339 333 2407 ad
365 2340 466 2407 alium
496 2339 637 2426 trivium,
671 2337 725 2404 ubi
748 2343 824 2405 sunt
839 2339 903 2406 due
919 2343 1004 2404 mete
1021 2344 1142 2420 terree;
1167 2334 1244 2430 indo¹

116 2445 343 2515 descendendo
357 2466 471 2516 uersus
482 2445 647 2514 meridiem
664 2445 869 2534 progreditur
879 2442 921 2512 ad
931 2452 1029 2532 caput
1038 2445 1133 2513 rivuli
1144 2443 1242 2511 Zemo

115 2554 226 2644 uocati,
260 2575 284 2622 a
300 2575 363 2640 quo
380 2553 607 2623 descendendo
624 2573 681 2639 per
697 2553 833 2622 eundem
850 2553 991 2621 rivulum
1010 2573 1123 2622 uersus
1139 2551 1243 2620 orion-

116 2669 250 2749 temper
268 2665 401 2748 tongum
417 2663 564 2748 spacium
581 2659 788 2747 pervenitad
813 2659 951 2748 primam
984 2671 1116 2748 metam,
1132 2660 1165 2727 et
1195 2661 1244 2728 sic

116 2771 339 2854 terminantur.
355 2767 400 2836 Ut
417 2769 517 2853 igitur
533 2767 718 2837 huiusmodi
734 2767 884 2836 vendicio
900 2770 996 2836 robur
1012 2768 1156 2838 obtineat
1171 2786 1243 2854 per·

0 2900 1 2929 a
117 2887 207 2967 petae
223 2876 391 2948 firmitatis
407 2876 451 2944 ad
466 2875 661 2945 instanciam
679 2882 711 2943 et
731 2875 922 2963 peticionem
947 2875 1085 2964 partium
1117 2899 1245 2964 presen-

117 2993 163 3054 tcs
178 2987 375 3057 contulimus
401 2985 511 3056 literas
526 2985 637 3070 sigillo
653 2991 762 3055 nostro
779 2983 1008 3072 consignatas„
1018 2985 1138 3090 Datum
1155 3007 1242 3054 auno

119 3094 244 3163 Domini
262 3093 443 3164 MGOLXX
461 3100 588 3163 octavo.

187 3295 356 3360 (Thaletica,
374 3295 498 3348 Monam.
517 3295 586 3348 hist.
606 3294 697 3362 Episc.
716 3285 912 3364 Zagrubiensis
930 3295 952 3346 1.
971 3291 1031 3346 sot.
1054 3297 1113 3345 197.
1132 3293 1162 3358 l.)

549 3579 812 3590 ——-

647 4119 723 4188 205.

1 4263 3 4350 ξ
127 4311 155 4378 A
169 4317 302 4404 qurrtdc‘
318 4317 543 4407 kciptutanaak
559 4315 837 4404 bizonyadptcuelc,
853 4317 934 4403 kopp
951 4341 971 4382 a
987 4317 1107 4384 Bothca'
1117 4326 1246 4383 arerrazet·

1 4427 4 4507 i
128 4423 270 4508 atpbela'elt
286 4425 454 4494 Bacchica
472 4425 625 4512 helyae'pet
650 4423 833 4511 dtecpedttk
864 4451 885 4493 a
915 4427 1066 4512 topuakai
1097 4429 1249 4513 apdtadp·

1 4529 2 4544 ¹
587 4531 662 4596 nala.
691 4533 787 4600 1278.

194 4729 356 4796 (Phalesina,
375 4731 500 4785 Menum.
520 4731 586 4783 hist.
606 4730 699 4796 upiae.
719 4732 913 4798 zagrabienais
932 4733 955 4786 Ι.
975 4733 1033 4785 uda.
1055 4737 1114 4786 191.
1133 4733 1163 4796 l.)
