3162 5200
863 359 1021 456 *nr-os„

378 559 420 625 at
437 559 518 624 duas
535 561 637 623 metas
653 561 788 636 terreas,
805 553 837 619 in
854 574 990 638 quarum
1007 555 1112 620 altera
1128 559 1178 620 est
1193 555 1287 620 arhor
1303 554 1507 637 virgultina;
1577 600 1579 603 -

380 667 495 734 exhinc
513 665 627 732 iterum
645 661 690 730 ad
706 663 789 728 duas
804 670 908 730 metas
941 662 1124 748 terreas-in
1156 680 1291 744 querum
1323 664 1430 730 altera
1462 669 1512 730 est

379 773 580 857 a1·bortilio;
604 770 720 838 exhinc
736 771 851 838 iterum
869 770 911 836 ad
929 769 1011 837 duas
1027 777 1130 836 metas
1156 774 1289 849 terreas,
1305 771 1339 837 in
1372 791 1510 854 quarum

378 883 484 948 altera
500 887 550 946 est
566 878 662 946 arbor
679 877 785 964 pirus,
809 877 930 944 deinde
946 897 1004 963 per
1035 897 1148 946 nemus
1179 878 1384 961 procedendo
1417 877 1513 944 uadit

379 989 423 1056 ad
439 989 520 1055 duas
551 995 654 1054 metas
685 991 819 1070 terreas,
851 984 884 1049 in
901 985 1018 1070 quihus
1049 992 1124 1053 sunt
1140 985 1271 1052 arbores
1296 986 1369 1054 ihor
1386 996 1419 1055 et
1436 1007 1511 1070 ger-

380 1095 501 1182 thyan;
526 1093 644 1160 exhinc
659 1091 749 1159 uadit
765 1091 809 1157 ad
825 1090 906 1158 duas
921 1098 1025 1162 metas
1040 1099 1174 1178 terreas,
1192 1093 1226 1158 in
1244 1113 1380 1176 quarum
1400 1097 1511 1164 altera

380 1209 430 1271 est
445 1204 543 1271 arhor
558 1202 652 1285 ulmi3
676 1199 796 1268 abhinc
811 1197 902 1266 uadit
918 1200 961 1268 ad
977 1201 1058 1270 duas
1076 1207 1179 1269 metas
1211 1208 1345 1290 terreas,
1363 1205 1397 1270 in
1431 1226 1512 1288 qna·

381 1334 450 1381 rum
469 1331 535 1378 una
552 1318 601 1378 est
616 1310 712 1394 arhor
731 1309 900 1396 gerthyan,
918 1309 1001 1378 etin
1016 1311 1121 1378 altera
1136 1317 1186 1376 est
1216 1312 1311 1377 arhor
1341 1331 1513 1398 monoray,
1533 1384 1534 1387 ,

381 1421 434 1488 vbi
450 1419 608 1503 contingit
625 1426 743 1485 terram
758 1415 855 1502 Jond,
871 1423 903 1482 et
913 1417 958 1483 ihi
980 1419 1177 1484 terminatur.
1196 1419 1309 1502 ltaque
1325 1420 1514 1505 prescripta

381 1547 492 1595 omnes
510 1531 596 1594 mete
612 1529 703 1594 iuxta
729 1525 908 1611 predictam
940 1545 1057 1608 aquam
1088 1526 1175 1592 Heer
1207 1534 1355 1593 vocatam
1389 1527 1512 1611 ubique

382 1643 458 1704 sunt
489 1643 606 1722 erecte,
622 1639 655 1700 et
670 1633 742 1719 ipsa
767 1652 854 1714 aqua
870 1630 965 1716 Heer,
984 1638 1016 1697 et
1031 1631 1165 1699 heedem
1184 1641 1268 1700 mete
1283 1633 1463 1701 decurrunt
1480 1635 1513 1699 in

383 1741 545 1810 Comitatn
568 1741 776 1829 symigiensi,
794 1746 826 1804 et
857 1747 1010 1826 separant
1042 1741 1085 1806 ad
1118 1746 1242 1825 partem
1274 1742 1512 1810 occidentalem

384 1849 499 1918 Oomiti
530 1851 669 1916 Martino
701 1854 732 1913 et
749 1847 822 1931 filijs
853 1846 920 1912 suis
952 1844 1107 1931 predictis
1138 1847 1358 1934 supradictam
1390 1858 1511 1917 terram

383 1958 717 2046 sexagintaiugerum
733 1956 939 2040 inperpetuo
956 1955 1090 2042 pacifice
1106 1956 1335 2040 possidendam
1349 1981 1356 2040 ;
1382 1978 1400 2023 e
1433 1979 1504 2026 eon·

382 2075 434 2134 tra
450 2066 583 2133 heedem
616 2069 699 2129 mete
727 2060 768 2127 ad
786 2067 910 2147 partem
942 2061 1128 2128 orientalem
1149 2071 1303 2148 separant
1318 2064 1390 2130 siue
1405 2067 1509 2131 inelu-

385 2175 465 2241 dunt
480 2175 584 2257 ipsam
600 2190 719 2252 aquam
735 2170 823 2235 Heer
838 2175 987 2236 uocatam
1005 2190 1076 2235 eum
1093 2170 1195 2255 pratis
1213 2176 1245 2237 et
1261 2170 1351 2237 siluis
1373 2171 1511 2238 existen·

386 2282 472 2348 tibus
503 2279 707 2363 interipsum
734 2296 854 2360 aquam
870 2278 940 2344 Her
959 2283 1109 2344 uocatam
1126 2284 1158 2344 et
1174 2279 1257 2345 inter
1272 2296 1389 2361 aquam
1406 2279 1510 2345 Alma.

386 2387 457 2464 Que
473 2385 601 2471 quidem
618 2383 736 2468 omnia,
753 2383 876 2451 seilicet
892 2388 967 2468 ipsa
983 2401 1068 2466 aqna
1100 2384 1184 2452 Heer
1213 2393 1337 2472 uocate,
1354 2393 1386 2452 et
1419 2395 1512 2470 prata

385 2501 416 2561 et
433 2493 516 2561 silue
546 2490 664 2558 cedunt
682 2497 714 2556 et
730 2497 899 2557 remanent
925 2490 1105 2578 Ambrosio,
1126 2489 1252 2578 Oonme,
1271 2490 1428 2580 Absolon,
1445 2495 1509 2560 Mo·

386 2622 456 2688 son,
472 2602 568 2685 Pons,
587 2597 711 2683 Benud,
727 2597 880 2682 Gyliano,
898 2599 1038 2681 Matheo,
1055 2617 1094 2663 ao
1105 2601 1221 2666 ceteris
1240 2601 1510 2681 generationibus

388 2708 561 2777 eorundem
592 2708 634 2774 de
662 2705 752 2774 Uilla
772 2705 920 2774 Omnium
937 2706 1124 2774 Sanctorum
1142 2707 1274 2792 pacifice
1293 2707 1511 2793 possidenda;

387 2817 530 2900 dictique
547 2817 666 2882 Comes
676 2814 836 2880 Martinus
854 2821 886 2881 et
901 2813 959 2898 filij
977 2817 1026 2882 sni
1052 2815 1272 2900 prenominati
1304 2815 1405 2882 nichil
1434 2816 1511 2882 iuris

387 2925 517 3012 penitus
549 2923 669 2990 hebent
699 2921 733 2986 in
750 2919 882 2988 eisdem.
915 2921 1068 2988 Preterea
1089 2921 1175 2988 idem
1193 2918 1307 2988 Oomes
1324 2923 1511 3009 Marthynns

388 3055 459 3100 enm
477 3031 554 3116 filijs
571 3031 639 3098 suis
654 3027 888 3116 prenominatis
905 3029 946 3094 ab
973 3049 1039 3094 nna
1071 3040 1185 3115 parte,
1210 3027 1408 3121 Ambrosius,
1438 3031 1513 3097 Gon·

386 3159 468 3226 mas,
485 3139 637 3216 Absolon,
653 3138 778 3221 Mosen,
795 3136 892 3222 Pous,
912 3138 1051 3223 predicti
1068 3139 1193 3207 nobiles
1203 3139 1244 3206 de
1254 3139 1343 3205 Uilla
1363 3137 1514 3206 Omnium

388 3251 586 3329 Sanctorum,
602 3264 659 3332 pro
677 3265 722 3326 se,
739 3249 770 3310 et
785 3264 845 3330 pro
862 3242 985 3330 Benud,
1003 3243 1154 3333 Opliano,
1174 3245 1314 3332 Matheo,
1331 3251 1362 3312 et
1377 3266 1436 3331 pro
1464 3266 1514 3311 ee-

390 3356 469 3422 teris
500 3351 767 3438 generacionibus
799 3351 867 3419 suis
899 3351 939 3418 de
966 3351 1053 3418 Uitia
1085 3351 1233 3421 Omnium
1266 3355 1457 3421 Sanctorum
1475 3357 1516 3421 ab

304 3548 308 3556 ι
388 3463 493 3528 altera
508 3461 542 3525 in
559 3461 798 3544 presenciarum
815 3465 963 3527 astantes
978 3466 1083 3526 terras
1114 3480 1201 3546 suas,
1233 3479 1314 3543 quar
1345 3459 1468 3528 habent
1483 3463 1514 3528 in

389 3567 549 3634 Oomitatu
572 3566 770 3652 Symigiensi
786 3603 829 3614 -
842 3602 880 3614 —-
895 3604 938 3615 --
957 3603 995 3613 -
1019 3567 1200 3655 exuentes,
1216 3566 1411 3635 dixeruntse
1423 3591 1516 3655 prop·

390 3683 440 3743 ter
455 3677 574 3743 bonnm
600 3677 691 3761 pacis
725 3675 833 3742 taliter
850 3677 892 3741 ab
924 3675 1064 3743 inuicem
1097 3675 1283 3743 distinxisse
1301 3701 1308 3739 :
1326 3677 1516 3762 Incipiendo

391 3784 512 3851 scilieet
542 3783 583 3848 ab
600 3802 684 3867 aqua
708 3783 850 3867 quadam
867 3782 953 3849 Heer
971 3790 1097 3870 uocata,
1115 3803 1178 3867 que
1194 3781 1332 3849 decurrit
1347 3781 1381 3850 in
1400 3804 1517 3871 aquam

390 3892 495 3976 Alma,
513 3891 553 3956 de
569 3889 695 3958 duabus
712 3893 806 3958 metis
822 3893 947 3976 terreis,
966 3891 1000 3956 in
1018 3911 1154 3976 quarum
1171 3910 1236 3957 nna
1252 3898 1300 3958 est
1316 3893 1414 3959 arhor
1440 3894 1518 3976 tilie,

389 3999 424 4066 in
440 4002 544 4068 altera
576 4021 653 4067 uero
685 4002 844 4067 estarbor
875 4001 964 4087 ulmi,
993 3999 1095 4067 tendit
1123 3999 1166 4066 ad
1183 4007 1308 4085 partem
1325 4002 1516 4068 orientalem

390 4109 531 4175 adduas
549 4113 651 4173 motas
667 4113 806 4188 terreas;
824 4108 942 4174 abhinc
959 4109 1075 4175 iterum
1096 4107 1138 4172 ad
1155 4108 1236 4174 duas
1253 4113 1354 4174 motas
1375 4116 1516 4192 terreas,

390 4216 510 4282 deinde
540 4214 669 4281 diuertit
693 4219 852 4300 peruiam
870 4216 912 4282 ad
929 4222 1054 4303 partem
1080 4214 1242 4298 aquilonis
1258 4215 1301 4281 ad
1317 4215 1399 4282 duas
1415 4224 1517 4283 metes

389 4332 516 4391 terreas
546 4325 737 4407 angularem
762 4322 879 4391 deinde
910 4325 953 4389 ad
984 4330 1111 4409 partem
1142 4323 1331 4390 orientalem
1357 4323 1402 4388 ad
1436 4325 1517 4390 duas

390 4437 493 4498 metas
526 4436 658 4516 terreas,
691 4433 727 4496 in
743 4451 879 4514 quarum
911 4432 1017 4498 altera
1048 4437 1098 4500 est
1129 4429 1226 4498 arhor
1246 4431 1373 4518 salicis;
1401 4433 1517 4498 exinde
1579 4455 1580 4458 ¹

391 4539 483 4607 uadit
499 4539 612 4607 iterum
629 4538 672 4604 ad
690 4538 770 4606 duas
787 4545 891 4606 metas
905 4547 1047 4624 terreas;
1073 4537 1194 4604 abinde
1212 4537 1315 4604 tendit
1340 4541 1459 4608 iterum
1476 4539 1516 4607 ad

391 4645 472 4714 duas
489 4655 590 4715 metas
609 4654 751 4732 terreas,
777 4648 890 4714 exhinc
907 4645 1052 4731 procedit
1067 4644 1109 4712 ad
1127 4655 1251 4732 partem
1272 4649 1516 4732 septemtriona-
