3142 5198
845 273 1004 379 -4-83-

358 469 498 558 nyaikat
514 467 681 555 mutatjak
698 465 752 554 iel,
768 473 789 534 t.
806 463 844 553 i.)
865 468 1062 534 Pretaxatus
1078 473 1187 534 autem
1221 467 1373 534 Nicolaus
1401 467 1469 536 ilina

358 577 518 666 Stephani
534 578 573 644 de
590 579 667 662 lsyp
685 577 768 645 duas
784 575 919 661 litteras,
949 596 1046 642 unam
1064 585 1219 659 nostram,
1251 581 1285 643 et
1299 576 1394 650 aliam
1410 577 1469 642 Pre.

357 686 456 774 positi
495 691 528 752 et
567 682 708 770 Capituli
740 682 914 770 lipsiensis
945 681 1092 751 similiter
1124 681 1361 768 priuilegialem
1390 684 1473 749 nobis

358 795 619 876 demonstrarat;
643 811 779 874 quarum
795 791 899 877 prima
914 792 1057 878 ipsorum
1088 790 1248 876 Prepesiti
1279 799 1312 857 et
1352 788 1474 874 Capituli

359 899 534 987 llyslenais
551 899 651 966 tercio
668 898 722 966 die
737 906 811 986 post
826 899 943 966 testum
960 899 1073 966 Sancti
1091 899 1216 967 Jacobi
1247 917 1333 965 anno
1363 895 1475 966 Domini

359 1007 531 1076 millesimo
548 1007 768 1076 ducentesimo
784 1008 1003 1092 octuagesimo
1024 1029 1117 1075 ncnc
1134 1029 1194 1093 per
1219 1005 1375 1074 Comitem
1404 1007 1476 1091 Dyo·

361 1115 481 1182 nisinm
510 1115 636 1200 (filium)
654 1115 753 1204 Petri,
770 1115 959 1184 Michaelem
977 1123 1009 1183 et
1036 1115 1194 1183 iacobum
1225 1114 1310 1183 lilios
1343 1134 1413 1182 snos
1442 1114 1475 1178 (le

363 1225 577 1307 generacione
593 1223 855 1308 Bogatradowan
880 1224 1073 1309 particulam
1103 1231 1189 1290 terre
1221 1241 1332 1290 eorum
1362 1221 1473 1308 llygacl

362 1339 479 1399 vocate
494 1351 596 1418 prope
610 1331 743 1398 fluuium
767 1331 881 1399 Lonaa
906 1333 980 1399 vsui
1012 1332 1106 1399 nnius
1139 1331 1242 1396 aratri
1274 1329 1473 1398 sufficientem

361 1439 502 1524 Anclree,
519 1439 666 1524 Nicola0‚
683 1437 808 1506 'Phcme
833 1447 866 1506 et
896 1440 992 1506 Petro
1024 1438 1099 1524 filijs
1131 1438 1252 1504 Mathai
1283 1458 1343 1523 pro
1374 1437 1472 1502 decem

359 1549 478 1614 marcis
494 1546 619 1632 argenti
636 1546 669 1612 in
686 1546 802 1633 pignus
820 1548 957 1631 positam
973 1546 1075 1614 fnisse
1092 1547 1263 1612 denotarat
1280 1546 1344 1614 stb.
1366 1545 1473 1610 Datum

359 1655 450 1720 Budc
466 1653 670 1738 sexagesimo
687 1652 741 1720 die
757 1661 946 1720 octonarum
964 1653 1039 1720 festi
1056 1653 1151 1718 Beati
1182 1651 1355 1718 Michaelis
1385 1651 1473 1717 liral-

254 1809 256 1816 ·
363 1762 475 1845 angeli
490 1782 577 1830 anno
592 1761 726 1828 Domini
743 1763 911 1830 millesimo
928 1761 1249 1846 quadringentesimo
1265 1781 1364 1826 ncnc.

468 1959 608 2022 (Eredetia
625 1961 811 2024 borhtrtytn,
825 1977 842 2011 a
863 1959 947 2012 budai
965 1961 1019 2011 lrir.
1038 1960 1166 2011 kamarai
1184 1957 1381 2021 leveltarban.)

790 2245 1056 2260 ffl-

883 2779 961 2848 401.

356 2975 523 3062 Asacpeoi
537 2977 768 3062 lcdptalunnolc
776 2978 927 3063 joleatcae
942 2977 1004 3043 IV.
1020 2978 1135 3045 Ldozlo
1148 2978 1320 3064 kirdlyltoa
1344 3006 1366 3044 u
1402 2979 1477 3044 l'iaz·
1555 3069 1556 3072 Ἴ

400 3089 462 3170 apo
479 3089 510 3151 to
526 3083 671 3150 Saalcule
687 3085 882 3174 helyocpelcet
898 3091 1055 3172 tctcppazo
1071 3085 1314 3154 tircokcsacrol
1340 3090 1439 3156 1289.
1554 3073 1556 3124 ἦ

464 3279 746 3349 Excellentissimc
787 3280 918 3348 dominc
959 3302 1016 3349 sno
1055 3280 1234 3350 Ladizlanc
1276 3284 1341 3350 Dei
1374 3281 1479 3368 gracia

359 3387 477 3454 lllnatri
492 3387 573 3471 Regi
590 3386 757 3470 Hungarie
774 3387 958 3474 Capitulum
977 3389 1124 3457 Ecclesia
1154 3389 1248 3458 Beati
1279 3393 1416 3474 Martini
1444 3392 1481 3458 de

356 3494 480 3580 Scepns
512 3495 682 3562 oraciones
714 3494 747 3560 in
778 3493 918 3562 Domino
954 3497 1083 3565 debitas
1114 3503 1148 3564 et
1178 3499 1325 3566 denotas.
1344 3501 1483 3567 Litteras

356 3601 473 3668 Vestre
488 3601 681 3672 serenitatis
698 3603 881 3692 recepimus
897 3618 969 3671 cnm
985 3607 1105 3674 honore
1126 3627 1189 3691 quo
1220 3605 1331 3676 decuit
1363 3609 1399 3674 in
1428 3608 1484 3676 hec
1551 3647 1556 3690 p

355 3711 456 3778 uerba
473 3734 481 3774 ε

461 3814 633 3884 Ladialaus
664 3817 725 3886 Dei
757 3821 871 3906 gracia
901 3822 971 3889 Rex
995 3821 1163 3908 Hnngarie
1189 3826 1253 3890 stb.
1269 3811 1482 3912 (ktretlrerilr

351 3923 407 3991 IV.
436 3925 555 3992 Laenio
586 3925 765 4012 kirilynalr
799 3930 935 3998 laco-ki
967 3951 1136 4014 parancsa
1154 3933 1237 4000 mint
1256 3933 1394 4002 fentebb
1413 3937 1485 4002 398.

352 4051 396 4100 sn.
416 4029 459 4120 a.)
490 4069 492 4072 ·

460 4142 528 4210 Nos
558 4141 656 4226 igitur
682 4146 798 4214 vestris
813 4149 978 4236 preceptis
993 4147 1124 4216 obedire
1141 4151 1321 4237 cupientes,
1350 4161 1388 4220 nt
1405 4163 1487 4222 tene

352 4268 432 4336 mur,
459 4269 598 4316 unacum
631 4251 760 4320 homine
792 4265 902 4324 vestro
936 4257 1086 4324 Jchanne
1117 4256 1180 4324 filio
1211 4259 1305 4326 linch
1341 4263 1486 4346 predicto

351 4361 497 4422 nostrum
530 4357 679 4428 misimus
712 4361 871 4430 hominem
902 4365 1093 4450 Gregorium
1129 4365 1361 4456 presbiterum,
1395 4368 1488 4436 Olnori

351 4466 452 4530 nostri
479 4465 737 4555 prebendarium,
771 4471 813 4537 ad
845 4473 1006 4559 premissa
1038 4474 1247 4558 exequenda3
1271 4475 1329 4559 qui
1364 4479 1486 4544 demun

351 4567 394 4635 ad
425 4591 484 4638 nos
518 4575 642 4642 reuersi
674 4579 872 4649 concorditer
889 4583 1080 4669 retulerunt,
1098 4583 1184 4668 quod
1200 4586 1235 4652 in
1254 4585 1380 4670 vigilia
1396 4578 1486 4654 Beati
