3162 5200
620 1045 696 1114 lte.

15 1237 20 1374 ἱ
104 1243 133 1310 Α
167 1248 319 1313 emesenae*
349 1245 578 1334 keptaiannck
611 1243 891 1330 improspecte
924 1243 1008 1329 dopy
1034 1241 1160 1330 Syrbok
1192 1246 1223 1310 do

15 1393 17 1464 3
103 1351 296 1420 trdeletdroci
339 1351 464 1418 Otdeae'
502 1351 722 1417 etretoteat
760 1353 861 1417 restet
905 1350 1040 1416 etadtok
1079 1349 1222 1417 Benedok

15 1471 17 1504 Ι
514 1457 684 1524 oomeemk.
710 1453 808 1523 1277.

197 1653 383 1740 Capitulum
414 1649 624 1722 Ohesmensis
639 1651 782 1722 Ecclesie
807 1652 968 1720 rninersis
984 1651 1105 1720 Christi
1120 1653 1221 1720 fideli·

15 1759 17 1820 ἑ
103 1762 155 1830 hus
169 1782 300 1848 presens
317 1761 473 1847 scriptum
487 1761 684 1847 inspecturis
714 1761 853 1828 eelntem
868 1759 903 1827 in
933 1761 1075 1828 Domino
1105 1761 1222 1847 sempi-

100 1876 223 1936 ternam.
251 1868 305 1936 Ad
322 1869 547 1937 vniuersornm
580 1867 736 1936 noticiam
752 1868 838 1934 serio
853 1867 1058 1954 presencium
1073 1870 1223 1938 volumus

102 1977 257 2062 peruenire
274 2001 283 2042 ε
301 1975 391 2060 qnod
406 1975 538 2063 Syrbok
552 1997 626 2044 enm
642 1975 766 2044 duobus
782 1975 859 2060 dlijs
875 1976 953 2060 suis,
979 1977 1079 2063 Beiey
1109 1976 1223 2044 videli-
1290 2049 1294 2062 ,

16 2095 27 2136 ’-
102 2091 146 2150 cet
159 2091 189 2152 et
196 2085 342 2171 Andrea,
359 2081 569 2166 Ohornoglen
583 2083 672 2151 fitius
687 2083 832 2169 Netcrni,
847 2082 963 2152 Petrus
977 2082 1064 2150 filins
1081 2083 1225 2173 Endrey,

103 2192 220 2259 tierons
235 2212 309 2259 cunr
329 2189 489 2258 Netenich
504 2189 573 2259 filio
589 2210 660 2275 sno,
677 2191 793 2267 Petrus¹
810 2197 842 2257 et
857 2189 954 2256 Luka
983 2189 1041 2275 diij
1059 2189 1225 2274 Wlohnik‚
1313 2247 1319 2252 .

35 2361 38 2366 ,
102 2297 199 2367 Veohe
227 2299 318 2367 iilius
349 2297 506 2382 Wtehich,
540 2305 573 2365 et
588 2299 732 2365 Thomas
763 2297 850 2364 filius
881 2295 1014 2386 Thone,
1033 2297 1224 2366 Nobilesde

102 2401 283 2474 diosmineh
300 2426 325 2472 a
340 2411 433 2492 parte
457 2424 532 2492 rna,
564 2404 607 2471 eb
638 2405 743 2472 alters
772 2409 880 2472 entem
911 2404 1107 2474 Benedictus
1138 2407 1224 2476 tilius

101 2509 222 2582 (inmitis
252 2513 382 2600 iacobi,
415 2533 524 2582 eorem
557 2513 652 2581 nobis
683 2511 898 2598 personaliter
928 2514 1105 2598 constituti,
1123 2513 1224 2600 ijdcm

99 2615 223 2708 Syrnos,
238 2617 446 2707 Chonoglen,
462 2620 588 2704 Petrus,
604 2619 743 2705 Marcus,
770 2618 898 2703 Petrus,
929 2618 1037 2705 Lutra,
1066 2621 1176 2689 Veohe
1192 2627 1224 2688 et
1343 2651 1348 2658 ·

100 2723 230 2794 Thomas
263 2726 427 2812 quasdem
459 2727 638 2813 partientes
656 2735 741 2794 terre
756 2747 866 2794 eorum
881 2725 972 2811 ipsos
987 2727 1021 2794 in
1039 2726 1148 2796 Othna
1163 2749 1223 2814 pro

100 2833 239 2914 porcione
254 2833 491 2918 contingentes,
507 2839 542 2902 vt
561 2835 720 2917 dixerunt,
750 2832 855 2900 eidem
889 2833 1007 2901 comiti
1037 2835 1224 2924 Benedieto,

99 2941 219 3025 suisque
251 2961 314 3027 per
347 2962 421 3009 enm
436 2939 609 3010 heredibus
640 2941 710 3008 inre
740 2949 894 3028 perpetuo
914 2939 1143 3030 possidendas,
1161 2965 1222 3030 pre

22 3028 29 3041 ¹
100 3047 309 3133 qnadraginta
324 3048 444 3116 marcis
461 3048 669 3118 denariorum
694 3051 792 3136 plene
823 3050 976 3136 acceptis,
992 3053 1027 3116 vt
1058 3048 1221 3134 dixerunt,

99 3157 260 3224 submotis
293 3163 328 3224 et
342 3157 490 3224 terminis
522 3156 741 3243 infrascriptis
773 3154 961 3225 vendidisse
979 3163 1054 3224 sunt
1070 3157 1221 3225 confessi.

100 3261 145 3330 Ite
159 3263 320 3352 videlicet,
336 3265 422 3349 qnod
438 3264 569 3350 Syrbok
584 3265 772 3352 porcionem
785 3285 877 3334 snam
898 3285 956 3351 pro
967 3263 1078 3333 decem
1094 3266 1222 3352 marcis,

100 3369 300 3458 Ghornoglou
333 3378 366 3438 et
381 3377 494 3439 Petrus
526 3393 586 3459 pre
618 3393 677 3441 sex
692 3371 821 3458 marcis,
846 3372 981 3440 Meritus
997 3373 1145 3441 similiter
1161 3393 1220 3459 pro

99 3495 159 3563 sex,
173 3479 289 3547 Petrus
306 3484 342 3545 et
355 3477 451 3545 Luka
468 3498 526 3563 pro
542 3497 601 3546 sex
615 3480 745 3564 mercis,
761 3479 872 3547 Voohe
904 3498 962 3565 pre
993 3500 1061 3568 sex,
1077 3487 1110 3548 et
1139 3479 1223 3548 Tho-

98 3604 160 3652 mas
188 3584 341 3654 similiter
369 3607 429 3673 pro
446 3606 504 3655 sex
534 3587 664 3656 mercis.
696 3585 840 3664 Quarum
870 3587 1102 3673 particularum
1128 3595 1223 3675 mete,

97 3689 173 3757 sicut
191 3699 305 3778 partes
333 3691 569 3762 concordantes
600 3693 792 3777 retulerunt,
821 3695 904 3761 tetes
936 3701 1036 3762 sunt:
1063 3693 1224 3763 Videlicet
1326 3683 1330 3694 ’

98 3799 194 3884 prime
224 3807 313 3868 mete
329 3801 447 3887 incipit
463 3821 484 3867 a
499 3809 594 3886 parte
613 3800 778 3887 orientali,
797 3800 853 3868 vbi
870 3808 921 3868 est
935 3805 1021 3868 nnete
1036 3805 1144 3869 terreo
1157 3805 1222 3870 site

15 3909 17 3976 t
98 3904 181 3970 iuxta
193 3905 329 3974 denium
348 3907 566 3993 Vinzcennoz;
590 3909 711 3976 deinde
726 3911 760 3976 in
777 3907 982 3975 rieinecione
1000 3915 1085 3975 terre
1116 3907 1220 3976 Orbo-

101 4031 156 4098 ¹¹⁸3
177 4013 254 4082 inde
284 4035 344 4100 per
358 4015 464 4102 ipsum
495 4015 629 4084 fluuium
661 4015 840 4101 procedens
856 4014 1006 4102 superius
1021 4036 1135 4084 versus
1150 4035 1223 4101 sep·

15 4109 17 4134 '
102 4121 312 4206 tentrionem,
329 4125 397 4188 exit
411 4123 456 4190 ed
480 4130 599 4191 metam
630 4130 769 4191 terream
801 4124 902 4189 sitam
918 4123 951 4190 in
982 4123 1090 4210 eapite
1120 4121 1223 4209 ipsius
1343 4175 1349 4182 .

15 4225 19 4302 i
98 4223 312 4312 Vinzeeen023
334 4228 412 4297 inde
442 4229 476 4296 in
492 4231 618 4322 modico
644 4230 757 4317 specio
773 4229 817 4298 ed
832 4232 979 4298 arborem
997 4231 1102 4298 cerasi
1118 4250 1223 4298 crece-

15 4365 17 4420 3
100 4331 258 4418 signatam
289 4341 377 4403 mete
409 4342 514 4405 terres
530 4337 777 4422 circurnfusam
799 4335 878 4404 inde
893 4337 937 4404 ad
952 4336 1052 4404 aliern
1072 4338 1221 4406 arborem

15 4425 17 4504 ἶ
99 4443 197 4510 cernei
228 4444 501 4531 crucesignctam,
533 4445 596 4514 snb
627 4465 696 4532 que
720 4453 807 4513 mete
821 4451 928 4512 terres
941 4463 1056 4513 versus
1072 4445 1223 4513 oooiden·
1295 4509 1301 4513 .

99 4549 183 4632 tem3
204 4547 280 4615 inde
297 4549 340 4617 ed
356 4551 457 4618 eliam
483 4560 602 4621 metam
632 4560 772 4622 terream
803 4554 899 4620 sitam
918 4553 951 4619 in
983 4552 1092 4639 capite
1122 4559 1222 4641 pntey

15 4661 18 4748 ζ
100 4651 234 4739 Vethe13
255 4661 288 4723 et
317 4675 378 4741 per
406 4657 547 4727 rientem
579 4658 682 4746 ipsius
713 4657 802 4747 putei
835 4658 1035 4730 descendens
1066 4660 1156 4728 vonit
1179 4657 1223 4728 ed

15 4769 17 4786 '
206 4789 306 4830 cornu.
322 4791 405 4834 unns.
420 4793 491 4834 nur.
510 4807 550 4821 -
568 4795 643 4834 nrrn.
658 4795 727 4837 rxrr.
1072 4771 1115 4837 14
