3160 5200
829 326 986 424 ,2⁹2-

341 517 376 582 in
392 515 522 587 ootauis
538 515 603 585 diei
619 517 770 584 cinerum
788 537 874 586 anno
895 519 1024 586 Domini
1042 522 1211 590 millesimo
1244 521 1313 589 (30ο
1329 544 1462 610 nonage-

343 625 426 692 simo
441 631 543 691 sexto.

342 771 483 831 (Eredetie
504 769 687 834 bdrhdrtytm
707 783 724 818 a
742 769 828 837 siggo
847 773 942 835 peoatt
960 775 1111 838 elveszett;
1140 789 1157 824 a
1176 776 1255 826 mele
1276 778 1342 828 heire
1373 779 1465 842 Revay

748 861 839 914 essldd
858 861 1070 927 levtltdmiban.)

777 1091 1042 1104 ----—--..—.-..

872 1407 949 1477 rte.

343 1604 375 1672 Α
388 1610 548 1693 poeoooyi
573 1607 801 1693 kdptaiunaok
826 1607 1102 1694 oisonysopteoee,
1126 1613 1210 1695 hopy
1237 1611 1339 1697 Moyk
1354 1612 1385 1676 ἐι
1399 1621 1465 1674 teet-

345 1715 430 1779 oirei
446 1715 552 1780 adrori
568 1711 806 1798 oerobbdpyolc
821 1713 1117 1780 orothirtokolmak
1132 1737 1190 1803 epp
1214 1719 1313 1782 ederet
1346 1717 1464 1782 elodtdt

618 1820 740 1904 Oopeoi
755 1819 852 1884 Pater
866 1821 1047 1886 meeteraek.
1082 1822 1180 1886 1296.

451 2127 519 2192 Nos
551 2123 735 2210 Capitulum
766 2122 911 2190 Eeoiesie
941 2123 1150 2192 Posoniensis
1165 2124 1389 2208 siguifioamus
1403 2126 1467 2194 vni·

341 2232 445 2300 uersis
463 2231 580 2315 quibus
597 2228 730 2315 expedit
761 2250 821 2314 per
850 2235 1027 2314 presentes,
1060 2229 1146 2315 quod
1184 2233 1369 2300 constitutis
1396 2241 1463 2317 'per-

342 2339 499 2408 sonaliter
525 2357 634 2404 ooram
649 2337 745 2404 nobie
760 2337 916 2421 Magistro
932 2337 1028 2404 Petro
1038 2337 1202 2422 dengea
1218 2341 1260 2404 ab
1278 2359 1344 2407 vna
1359 2347 1461 2426 parte3

344 2441 778 2532 Moyk,nroys,13ekefl1ijs
810 2444 945 2526 Ywanz,
978 2453 1011 2510 et
1042 2444 1189 2511 Ywahnn
1221 2445 1287 2512 filio
1320 2447 1461 2513 Ywahun

339 2549 572 2638 jobagionibus
604 2550 709 2617 (taetri
742 2551 784 2617 de
799 2552 897 2618 Serus
928 2553 972 2618 ab
987 2551 1110 2637 aitera5
1134 2549 1221 2617 idem
1237 2553 1351 2637 Moyk‚
1367 2555 1461 2641 diepa,

342 2661 433 2728 Beke
449 2665 482 2725 et
498 2655 649 2724 Ywahun
666 2664 742 2725 sunt
757 2658 905 2742 confessi,
935 2657 1021 2740 quod
1053 2665 1179 2743 partem
1211 2667 1296 2726 terre
1327 2661 1460 2744 ipsorum

344 2766 573 2835 hereditariam
606 2765 639 2830 in
671 2773 757 2831 terra
788 2766 896 2849 Serus,
914 2766 977 2831 sita
994 2767 1084 2832 iuxta
1100 2784 1219 2849 aquam
1236 2766 1383 2850 Baarns;
1407 2785 1462 2850 que

213 2885 221 2890 “
341 2873 528 2961 incipiendo
542 2873 585 2940 eb
601 2872 715 2938 eadem
732 2891 819 2957 aqna
843 2871 980 2938 tendunt
1010 2891 1122 2938 versus
1152 2874 1284 2956 plagam
1320 2873 1458 2941 meridio-

342 2983 459 3062 nalem,
491 3001 556 3046 vna
586 2997 657 3044 oum
688 2978 783 3044 terris
814 2998 878 3044 non
910 2976 1099 3062 arabilibus,
1130 2978 1255 3046 seilioet
1271 2983 1400 3064 pascuis
1413 2990 1460 3067 pe·
1566 3055 1567 3058 Ἴ

343 3109 463 3172 oerum,
480 3107 543 3172 que
576 3084 681 3152 adhue
705 3104 769 3151 non
801 3091 877 3150 sunt
908 3083 1023 3168 diuisa,
1054 3085 1280 3152 vendidissent
1311 3087 1459 3174 Magistro

341 3199 439 3266 Petro
469 3214 527 3281 pro
559 3193 697 3276 quinque
721 3193 842 3259 marois
861 3190 1075 3278 denariorum,
1093 3193 1126 3258 in
1142 3191 1226 3260 titios
1242 3194 1381 3261 tiliorum
1394 3195 1461 3278 jure

342 3309 498 3388 perpetuo
513 3295 751 3386 possidendam.
768 3297 872 3375 Quam
889 3319 1045 3367 summam
1062 3299 1199 3385 peonnie
1225 3301 1338 3386 Moyk,
1368 3303 1461 3387 iioys,

343 3410 435 3478 Beke
451 3413 482 3475 et
497 3405 646 3473 Ywahun
662 3405 798 3490 predioti
818 3406 957 3474 confessi
974 3415 1061 3490 sunt,
1079 3425 1116 3475 se
1132 3407 1279 3493 plenarie
1294 3410 1458 3496 recepisse.

343 3515 538 3600 Obligarunt
553 3512 655 3580 eoiam
672 3533 708 3578 se
733 3514 836 3599 noys,
869 3513 978 3599 Moyk,
1009 3513 1101 3581 Beke
1133 3523 1165 3580 et
1195 3514 1346 3582 Ywahun
1377 3536 1462 3600 sepe·

341 3623 431 3708 dieti,
446 3622 533 3706 quod
548 3622 738 3704 quicumque
755 3639 909 3703 processu
925 3628 1105 3705 temporum
1132 3621 1325 3706 Magistrum
1339 3625 1460 3692 Petrum

339 3730 519 3816 prediorum
550 3727 681 3794 rnoions
713 3733 797 3793 terre
827 3725 971 3811 predicte
1011 3728 1155 3814 inpetere
1187 3729 1325 3797 forsitan
1350 3739 1463 3797 notem·

340 3843 450 3924 ptaret
467 3861 474 3918 ;
491 3836 574 3902 idem
608 3832 718 3920 Moyk,
748 3833 851 3920 Moys,
870 3835 959 3901 Beke
976 3842 1009 3902 et
1024 3835 1172 3902 Ywahun
1198 3835 1335 3904 eundem
1350 3839 1461 3923 dispe

341 3953 426 4013 trum
441 3945 572 4012 Petrum
589 3941 746 4028 expedire
758 3939 846 4028 (igy)
871 3941 1016 4028 proprijs
1046 3943 1213 4012 laboribus
1244 3952 1277 4012 et
1308 3945 1460 4033 expensis.

340 4053 378 4117 In
392 4051 483 4118 onius
500 4050 546 4117 rei
562 4049 751 4117 memoriam
767 4055 934 4135 presentes
950 4049 1100 4118 dedimus
1114 4052 1238 4119 litteras
1254 4053 1354 4137 sigilli
1370 4051 1462 4121 nostri

342 4157 518 4225 munimine
533 4159 721 4238 roboratam
745 4175 831 4223 anno
847 4155 979 4224 Domini
995 4155 1116 4224 M⁰OG⁰
1130 4159 1343 4244 nonagesimo
1368 4165 1462 4228 serto.

340 4265 462 4332 Datum
478 4265 513 4332 in
538 4261 700 4363 dominica
714 4265 861 4331 Contate.

341 4409 486 4468 (Eredetie
504 4407 691 4473 borhdrtytn,
713 4409 833 4472 melyrttl
864 4423 881 4460 a
899 4408 995 4474 peoset
1013 4409 1097 4460 viirds
1116 4407 1352 4474 seiyemasiuoron
1381 4411 1447 4476 ffigg

620 4511 638 4548 a
657 4497 743 4548 budai
761 4496 815 4550 kir.
842 4498 971 4550 kemarai
995 4498 1192 4562 lsreltdrbsn.)
