3160 5200
896 309 961 374 556

358 505 445 593 quod
476 506 581 574 <tieem
611 505 730 570 Petrus
762 504 909 570 Castrum
927 523 1021 569 suum
1039 501 1152 586 Vgrog
1169 508 1317 570 vocatum
1335 501 1369 568 in
1388 539 1436 549 -
1452 536 1493 547 -

363 647 646 666 -----
678 619 712 676 et
743 610 913 677 uniuersas
944 608 1166 696 possessiones
1199 628 1276 678 suas
1306 606 1351 675 ad
1384 609 1490 694 ipsum

362 723 510 790 Castrum
542 719 745 805 pertinentes
777 753 1182 768 -------
1197 717 1362 802 Poliasion,
1387 715 1494 800 Baun,

363 827 503 914 Neuohe,
520 827 640 912 ngg,
656 823 824 906 Banouoh,
840 823 978 909 Sythna‚
1002 823 1113 906 Rudis,
1144 823 1254 890 villum
1284 825 1346 890 suh
1378 823 1495 889 Castro

363 933 584 1002 Machamuoh
616 937 649 997 et
663 931 775 998 Sonko
806 935 1020 1018 nuncupatas,
1038 950 1110 998 oum
1131 930 1279 997 omnibus
1295 930 1495 996 utilitatibus
1533 965 1538 975 ·

365 1040 550 1124 earundem,
567 1060 631 1105 uon
647 1038 786 1104 alicuius
802 1053 904 1104 cause
928 1037 1134 1105 necessitatis
1166 1047 1297 1105 coactns
1328 1058 1387 1122 per
1423 1057 1496 1102 eun

363 1149 438 1218 dem
468 1147 664 1230 Magistrum
704 1143 867 1211 Matheum
902 1143 991 1211 dedit
1022 1152 1055 1210 et
1087 1179 1494 1196 ———————

363 1256 507 1326 sentibus
523 1252 755 1321 commetaneis
771 1259 804 1318 et
820 1250 945 1333 rioinis,
971 1251 1096 1320 scilieet
1126 1252 1250 1318 Comite
1281 1253 1425 1318 Martino
1459 1252 1494 1316 tle

364 1364 506 1430 Sabeone
538 1399 578 1410 —
597 1395 639 1406 -
656 1359 783 1425 Thomu
814 1358 880 1424 filio
899 1357 1034 1426 Comitis
1049 1359 1231 1442 Myohaelis
1248 1358 1288 1426 de
1303 1361 1422 1424 endem
1441 1379 1496 1442 pro

365 1477 460 1558 patre
477 1487 535 1535 sno
552 1475 584 1534 ot
597 1466 753 1534 fratribus
770 1466 837 1532 suis
853 1473 1062 1552 conparente,
1080 1486 1117 1532 ac
1134 1467 1291 1551 Magistro
1306 1467 1428 1532 Barleo
1455 1466 1494 1530 de

365 1576 494 1665 Dyweh
511 1593 567 1659 pro
585 1593 621 1639 se
637 1579 669 1638 et
683 1570 838 1638 iratribus
854 1572 934 1659 suis,
950 1590 1008 1639 neo
1025 1592 1088 1640 non
1116 1592 1173 1657 pro
1190 1579 1259 1639 tota
1275 1573 1494 1656 generacioue

367 1707 428 1754 sua
444 1685 486 1752 rle
515 1715 857 1729 ------
889 1679 1147 1764 permittentibus
1177 1686 1210 1746 ot
1241 1700 1304 1746 non
1335 1677 1496 1746 contrarii-

367 1792 525 1872 oentibus‚
557 1787 662 1854 eidem
687 1785 845 1869 Magistro
861 1785 992 1853 Matheo
1009 1791 1040 1852 et
1055 1787 1123 1853 suis
1138 1787 1311 1853 heredibus
1327 1783 1493 1853 heredum·

367 1923 430 1988 que
447 1894 689 1966 successoribus
704 1894 774 1960 iuro
790 1901 946 1979 perpetuo
973 1902 1005 1960 et
1037 1893 1295 1962 irrenooahiliter
1325 1895 1494 1978 possiden-

368 2009 438 2076 das.
456 2005 612 2090 Obligans
629 2021 665 2070 so
681 1999 844 2086 predictus
862 2004 987 2088 Petrus,
1003 2002 1090 2087 quod
1107 2002 1135 2069 si
1152 2003 1281 2070 racione
1313 2004 1493 2088 concambii

368 2115 532 2202 prehabiti
549 2112 654 2178 dictus
670 2110 829 2193 Magister
853 2109 1003 2176 Mathens
1033 2110 1086 2176 rel
1116 2130 1320 2178 successores
1350 2111 1495 2178 eiusdem
1543 2146 1546 2155 ·

368 2253 890 2274 ---------
922 2236 980 2300 per
1011 2216 1197 2302 qnempiam
1219 2221 1253 2283 in
1273 2218 1414 2284 luterum
1430 2239 1493 2284 mo

366 2338 573 2412 laetarentur,
590 2325 720 2393 eosdem
738 2323 894 2409 expedire
912 2332 944 2391 ot
959 2324 1131 2392 defendere
1151 2332 1322 2392 teneretur.
1362 2328 1389 2392 l]
1420 2347 1493 2392 onn-

367 2457 463 2506 uerso
494 2440 600 2500 autem
632 2431 720 2499 idem
743 2431 897 2515 Magister
913 2432 1059 2499 Matheus
1077 2435 1111 2499 in
1130 2434 1351 2502 concambium
1370 2435 1491 2519 predic-

369 2554 475 2613 tarum
491 2541 734 2628 possessionum
752 2546 888 2620 quatuor
915 2537 1019 2624 villas,
1051 2539 1175 2607 soilioet
1205 2541 1374 2624 Tolmaoh,
1405 2542 1493 2626 Burs,

368 2670 432 2736 que
462 2644 621 2734 quondam
653 2645 802 2730 Aladarij
835 2653 867 2711 et
883 2646 1020 2714 Romani
1045 2647 1254 2732 iobagionum
1272 2687 1317 2697 -
1333 2686 1376 2696 -
1396 2689 1433 2696 -
1452 2687 1496 2698 -

371 2791 471 2814 ..--
490 2755 563 2842 init,
578 2753 679 2839 Muhy
695 2757 727 2819 et
741 2752 826 2819 Pnth
844 2753 1027 2820 nominatas
1047 2753 1138 2820 dedit
1168 2757 1266 2821 Petro
1297 2765 1491 2834 memorato;

368 2877 401 2937 et
431 2866 563 2948 iusuper
593 2859 833 2946 quinquaginta
858 2879 983 2927 marone
1000 2860 1044 2928 ah
1061 2863 1176 2928 eodem
1192 2863 1350 2944 Magistro
1367 2865 1489 2930 Matheo

368 2975 452 3042 dixit
466 2992 502 3040 se
517 2969 665 3058 plenarie
679 2966 851 3051 reoepisse.
868 2967 1101 3053 Assumpmens
1123 2989 1158 3036 se
1173 2967 1349 3052 obligando
1373 2970 1487 3054 Magis-

367 3091 419 3150 ter
435 3077 584 3147 Matheus
600 3072 793 3153 antedictus,
824 3072 910 3157 quod
934 3074 968 3139 in
984 3074 1107 3142 eisdem
1140 3077 1396 3161 possessionibus
1427 3077 1492 3144 uio·
1543 3074 1550 3121 '-

369 3196 437 3257 tum
454 3185 583 3252 Petrum
600 3216 1063 3230 --------
1079 3181 1213 3249 scudere
1232 3203 1297 3250 non
1330 3186 1428 3271 possit
1457 3187 1491 3251 iu

368 3294 450 3382 ipsis
481 3287 751 3377 possessionibus,
783 3289 818 3354 in
834 3287 911 3371 elijs
926 3289 1186 3373 possessionibus
1201 3287 1278 3377 [suis
1296 3292 1493 3377 eqnipolleu·

367 3409 418 3470 tes
436 3397 542 3466 eidem
558 3396 655 3462 Petro
670 3392 750 3462 dare
766 3395 935 3480 tenebitur,
954 3403 988 3463 vt
1004 3399 1188 3483 assumpsit.
1203 3398 1356 3465 Preterea
1384 3417 1491 3464 omues

367 3511 503 3590 litteras,
545 3504 655 3571 omnia
694 3503 920 3587 instrumenta,
953 3505 982 3569 si
1013 3525 1076 3588 que
1108 3505 1159 3572 rol
1190 3523 1255 3586 qua
1286 3526 1382 3592 super
1408 3505 1489 3589 ipsis
1543 3490 1546 3499 ’

257 3601 259 3606 ’
369 3613 629 3706 possessionibus
646 3617 678 3677 et
694 3611 811 3678 (taetro
828 3629 885 3695 per
900 3612 1038 3678 eundem
1071 3613 1200 3680 Petrum
1231 3613 1428 3680 studiose-
1445 3648 1491 3658 —

368 3761 412 3773 -—
430 3759 469 3771 -
487 3755 530 3772 -ι-
548 3753 830 3770 -----
848 3718 943 3802 liquit
974 3725 1007 3784 et
1036 3719 1171 3804 sopitas.
1202 3719 1241 3784 In
1258 3721 1348 3787 onius
1364 3718 1408 3785 rei
1423 3738 1489 3784 oer-

368 3830 550 3915 tituulinem,
567 3821 659 3890 etad
681 3823 813 3890 maioris
844 3823 1035 3892 stabilitatis
1067 3827 1297 3894 incrementum
1329 3833 1491 3913 presentes

368 3940 495 4009 litteras
511 3930 729 4000 concessimus
746 3929 848 4014 sigilli
864 3935 966 4000 nostri
984 3935 1162 4001 munimine
1180 3937 1361 4002 roboratas.
1376 3935 1490 4000 Datum

369 4066 456 4115 anno
473 4039 602 4110 Domini
619 4037 740 4102 ΜὊΟα
756 4039 966 4122 nonagesimo
992 4049 1117 4125 quarto.
1134 4041 1281 4108 Eoolesie
1298 4047 1404 4110 nostro
1417 4039 1492 4106 Lec-

369 4165 441 4222 101'0
456 4189 500 4203 -··
518 4187 557 4198 ·-
577 4183 620 4194 ”“
637 4181 692 4209 “-

369 4353 423 4416 (ΑΖ
442 4347 607 4412 esztergami
626 4342 822 4408 lapmiannak
842 4344 954 4395 lato-ki
968 4345 1075 4397 ttirata
1105 4346 1184 4411 utin,
1215 4349 1291 4398 mint
1321 4347 1405 4398 ulabb
1434 4347 1491 4392 tte.

559 4451 595 4486 su.
616 4450 659 4500 a.;
691 4431 802 4484 ament.
823 4433 889 4498 grbi
906 4434 965 4500 May
985 4436 1078 4487 cealtd
1097 4435 1312 4502 levbltelrtbun.)

809 4667 848 4674 ---
856 4662 1034 4672 Μ.-
