3190 5190
616 1069 667 1136 tt.

103 1263 155 1328 IV.
169 1264 406 1352 Laodekircttp
421 1271 606 1353 moperostn·
623 1292 644 1333 a
660 1268 794 1354 euprobi
810 1275 930 1356 ethdz
951 1273 1063 1356 jopait
1087 1275 1118 1337 6⁸
1143 1295 1224 1337 tna-

25 1361 28 1394 ¹
506 1376 684 1461 nauoque.
709 1377 805 1443 1273.

178 1668 331 1734 (Menios,
351 1673 477 1724 Monum.
497 1675 562 1726 hist.
582 1675 672 1739 Episo.
694 1677 887 1743 Zagrsbiensir
906 1678 929 1728 1.
948 1679 1010 1728 not.
1034 1683 1092 1729 168.
1112 1680 1142 1742 1.)

505 2571 510 2577 ’
615 2595 667 2666 us.

13 2821 15 2890 ξ
92 2791 145 2858 IV.
160 2795 277 2863 Ldozlo
292 2795 475 2880 strepente
500 2793 629 2880 Vojeelo
654 2794 808 2881 helyseyet
837 2795 996 2881 tdrpyoco
1027 2795 1212 2884 edometuya

13 2963 15 2984 ἓ
150 2901 286 2988 Nempty
302 2902 540 2989 nemzernepoeti
555 2901 678 2970 Miletos
695 2905 727 2966 ts
742 2901 855 2968 Jakao
869 2903 1027 2970 raumara.
1051 2903 1145 2968 1273.

187 3097 369 3165 Ladialeus
400 3098 461 3165 Dei
492 3098 606 3182 grecia
636 3097 813 3182 Hungarie,
844 3096 1027 3182 Dalmaeio‚
1069 3095 1214 3184 Croacie,

13 3207 14 3210 ’
87 3204 190 3292 Reme,
206 3203 336 3288 Seruio,
352 3203 502 3292 Gallicis,
517 3203 719 3292 Lodomerio,
737 3202 890 3273 Comenie
909 3202 1128 3289 Balgarieque
1143 3204 1213 3270 Rex

86 3311 226 3378 omnibus
243 3331 381 3397 presens
396 3311 552 3398 scriptum
568 3311 763 3396 inspecturis
779 3313 919 3380 salutem
935 3314 969 3380 in
986 3311 1131 3380 omnium
1148 3311 1215 3378 sei·

86 3421 201 3484 uatorc.
227 3413 285 3484 Ad
301 3419 526 3487 uniuersorum
544 3418 695 3488 noticiam
712 3425 780 3486 tam
804 3417 1009 3506 presencium
1035 3437 1132 3503 quam
1157 3437 1213 3506 po-

15 3587 18 3594 .
86 3531 239 3592 uterorum
258 3531 372 3594 tenore
387 3526 592 3613 presencium
603 3528 753 3595 uolumus
763 3525 945 3612 peruenire,
961 3523 1047 3610 quod
1057 3525 1213 3596 Nicolaus

85 3637 114 3696 et
128 3631 274 3700 Jacobus
288 3633 347 3718 filij
365 3631 501 3702 Comitis
517 3632 634 3702 Jacobi
650 3633 690 3700 de
707 3652 828 3719 gcnero
844 3633 987 3717 Nempty
1011 3651 1033 3698 e
1059 3631 1213 3716 primeuis

85 3755 138 3805 sue
154 3740 303 3824 puericie
318 3741 516 3825 temporibus
533 3741 664 3809 domino
679 3741 813 3809 condam
831 3740 913 3824 Regi
923 3739 1091 3824 Stephano
1101 3737 1212 3807 inclito

86 3849 327 3917 recordacionis
358 3850 530 3920 karissimo
563 3851 648 3938 patri
679 3858 788 3918 nostro
820 3856 852 3916 ci
883 3847 978 3916 nobis
1008 3846 1042 3912 in
1074 3844 1213 3914 diuersis

82 3953 184 4039 Regni
201 3959 307 4025 nostri
327 3957 602 4044 expedicionibus,
618 3965 651 4026 et
667 3957 853 4044 specialiter
869 3956 903 4021 in
922 3953 1065 4022 exercitu
1092 3960 1212 4041 nostro,

85 4079 178 4144 quem
195 4070 314 4131 contra
328 4066 451 4154 Regem
467 4065 639 4134 habuimus
656 4065 868 4134 Bohcmorum
886 4061 1052 4130 inimicum
1070 4068 1213 4128 nostrum

81 4169 258 4257 capitalem
275 4170 414 4242 fideliter
431 4173 629 4257 obsequiosa
654 4172 795 4243 seruicia
827 4178 860 4240 ct
890 4169 1004 4239 fideles
1037 4168 1214 4236 famulatus

82 4278 272 4363 impendere
289 4278 499 4368 studuissent,
532 4301 590 4368 per
606 4301 670 4365 que
685 4299 726 4348 cx
757 4277 982 4349 munificencia
1013 4276 1118 4360 Regia
1148 4295 1213 4342 non

80 4387 235 4454 inmerito
251 4386 382 4457 fuerant
397 4387 578 4459 attollendi.
604 4388 746 4475 Nos'qui
762 4409 803 4457 ex
820 4387 927 4458 officio
959 4385 1099 4470 suseepti
1130 4383 1213 4466 regi·

82 4495 178 4562 minis
196 4493 305 4562 metiri
322 4496 479 4566 debemus
512 4496 629 4564 merita
659 4495 873 4584 singulorum,
905 4501 940 4563 vt
972 4491 1028 4578 alij
1062 4490 1215 4575 exemplo

80 4602 270 4672 huiusmodi
284 4604 328 4672 ad
346 4603 513 4676 fidelitatis
530 4625 630 4692 opere
646 4605 767 4674 sorcius
783 4601 1022 4685 accendentem
1040 4602 1075 4668 in
1091 4615 1214 4689 recom-
