3194 5196
788 323 950 421 „css-

285 522 497 594 :uuotonitete
512 525 545 588 et
560 514 737 587 munimine
753 517 958 606 umectum
974 525 1008 586 et
1022 515 1164 606 innuet·
1193 516 1299 605 sigilli
1330 520 1439 588 nostri

301 627 489 718 petronnio
503 623 655 694 duximus
669 623 899 696 oonmnmos
922 624 1043 695 Dstnm
1059 643 1119 711 per
1150 643 1270 694 menne
1300 623 1441 694 discreti

299 736 363 805 uiri
378 734 530 822 ueneni
544 731 709 804 Theodori
724 729 886 822 Propositi
901 733 1053 804 Aliensis
1068 735 1145 802 sule
1154 739 1264 802 nostre
1273 732 1441 802 vicecan-

295 841 426 929 cellarii
444 841 556 910 dilecti
571 847 605 910 et
620 839 722 910 tidelis
738 840 842 910 nostri
857 861 946 910 enno
977 839 1109 910 Domini
1139 837 1259 908 2⁰00·
1291 860 1438 924 nonnge·

298 950 383 1022 simo
399 947 512 1038 tercio,
529 947 633 1036 Regni
649 953 757 1017 sutem
773 947 877 1017 nostri
891 967 980 1017 enno
996 947 1107 1017 tercio.
1161 943 1167 953 '

289 1095 445 1158 -OEredetie
464 1095 651 1162 borhirtyin,
671 1111 688 1148 s
707 1095 794 1162 tuggo
812 1095 907 1161 peccet
926 1095 1078 1159 elvesnstt3
1110 1109 1127 1146 s
1151 1093 1240 1146 budsi
1263 1093 1317 1144 kin.
1337 1095 1441 1143 knuss-

733 1184 778 1236 rni
794 1181 992 1248 levaturum)

735 1467 1002 1479 ———-————-—

831 1891 907 1961 495.

299 2090 367 2160 ΙΙΙ.
384 2090 497 2156 Endre
511 2091 693 2180 kiouinnuk
708 2091 843 2156 tutanos·
855 2113 1022 2177 pannucea
1037 2115 1058 2156 c
1075 2089 1435 2180 supositopcatanioz,
1504 2131 1512 2140 ·

289 2202 383 2286 isoyy
398 2198 503 2266 Jcinoe
520 2199 708 2267 Mikioenok
716 2198 771 2281 fia
787 2197 863 2264 chk
878 2206 959 2264 neoti
967 2197 1106 2283 folduclr
1117 2197 1435 2263 oirtokcbastatoct-

747 2305 859 2370 taceae
884 2303 982 2371 1298.

408 2496 556 2565 Andreas
587 2498 649 2563 Dei
680 2495 794 2580 gracie
821 2496 893 2564 Rex
922 2495 1093 2588 liungnrie
1118 2495 1266 2563 fidelibus
1284 2497 1354 2564 suis
1371 2495 1433 2564 Ga·

300 2607 404 2695 pitulo
421 2603 629 2692 Scepusiensi
646 2604 782 2672 sulutem
800 2610 832 2672 et
848 2604 1003 2688 greciam.
1042 2604 1123 2672 (ium
1148 2602 1316 2672 Joheuues
1348 2604 1434 2670 filins

300 2713 440 2803 Nyoolei
470 2731 529 2800 pro
559 2720 662 2780 morte
691 2711 806 2779 Jaooui
840 2712 949 2780 fratris
979 2712 1029 2780 sui
1061 2709 1226 2796 quonium
1257 2711 1434 2778 seruientis

295 2821 436 2892 Comitis
449 2819 535 2888 Buld
550 2817 653 2886 fidelis
668 2819 779 2904 nostri,
800 2821 858 2901 qui
888 2819 922 2885 in
954 2819 1093 2886 seruicio
1124 2817 1216 2885 nobis
1247 2815 1433 2884 exhibendo

300 2929 408 2998 extitit
438 2925 638 3012 interfectus,
654 2924 820 3011 quondum
839 2932 960 2994 torrem
975 2926 1010 2992 in
1026 2923 1114 2993 Zoek
1130 2925 1326 2991 existentem
1343 2932 1435 3010 petat

295 3059 321 3105 e
335 3036 430 3103 nobie
455 3035 521 3102 sibi
552 3033 635 3118 duri,
666 3031 815 3099 fidelitati
845 3041 954 3102 vestre
985 3033 1194 3118 precipiendo
1225 3031 1434 3119 mundamus,

186 3161 189 3167 '
291 3151 462 3230 quatenns
492 3140 628 3207 mittetis
660 3139 822 3207 hominem
854 3147 995 3208 uestrum
1013 3159 1073 3224 pro
1090 3139 1275 3208 testimonio
1292 3139 1432 3224 fidedig·

297 3273 384 3339 num,
424 3269 533 3317 corum
565 3269 628 3333 quo
658 3247 816 3332 Magister
847 3249 935 3315 Elias
975 3245 1071 3316 homo
1102 3253 1213 3313 nostor
1243 3248 1434 3314 conuocatis

292 3357 531 3427 commetsueis
561 3362 594 3423 ct
625 3352 740 3422 vicinis
772 3354 952 3421 rcsmbulet
981 3353 1086 3438 ipsum
1112 3362 1242 3438 terrum,
1259 3357 1293 3420 et
1308 3361 1433 3420 statuat

298 3464 404 3535 eidem
429 3463 451 3530 J
455 3461 585 3547 ohanni,
617 3461 645 3528 si
676 3480 741 3527 non
771 3459 869 3528 inerit
898 3458 1144 3543 contradictum,
1175 3459 1433 3529 contradictores

294 3575 406 3638 eutem
439 3570 468 3637 si
485 3568 540 3654 qui
570 3565 698 3654 fuerint,
730 3567 774 3634 ad
792 3571 936 3636 nostrum
952 3568 1028 3636 citet
1043 3565 1249 3637 Prosenoinm
1263 3570 1308 3636 nd
1324 3570 1434 3638 termi-

294 3695 374 3744 num
389 3679 635 3762 competentem,
654 3681 686 3742 et
703 3681 779 3760 post
790 3677 849 3742 heo
864 3673 1055 3758 qualitatem
1065 3680 1098 3740 et
1111 3675 1327 3759 quantitatem
1344 3676 1433 3742 dicte

295 3791 392 3866 terre,
426 3780 561 3850 nomine
591 3781 873 3870 contradictorum,
905 3781 992 3848 diem
1023 3779 1190 3849 citucionis
1206 3787 1239 3847 et
1256 3782 1432 3849 terminum

287 3887 515 3974 assignatum,
533 3908 705 3955 nonomen
722 3888 860 3956 hominis
891 3887 992 3955 vestri
1023 3909 1082 3975 pro
1114 3888 1301 3957 testimonio
1333 3887 1432 3956 desti-

291 3995 377 4085 nati,
408 3995 500 4064 cuius
530 3993 704 4084 opinionis,
736 3993 906 4080 dignitatis
938 3996 992 4062 uel
1024 3996 1150 4063 ordinis
1171 3995 1263 4063 sitin
1279 3995 1432 4064 Ecclesia

293 4113 416 4192 vestre,
433 4103 529 4171 nobis
543 4101 680 4169 fideliter
694 4102 894 4170 rescribetis.
913 4103 1033 4170 Datum
1058 4103 1151 4169 Bude
1165 4103 1201 4169 iu
1216 4101 1299 4170 testo
1330 4103 1429 4168 Beati

283 4209 420 4279 '‘ihome
436 4209 579 4278 martiris
596 4229 682 4277 enno
698 4209 829 4276 Domini
848 4211 878 4274 ii
887 4209 966 4276 ⁰00⁰
982 4209 1192 4294 nonogesimo
1209 4216 1336 4278 octauo.

285 4353 358 4416 (ΠΙ.
376 4353 471 4406 linire
499 4351 652 4420 kirilynsk
687 4355 798 4406 12994ιί
829 4353 1115 4420 ndumiuylevelebol,
1145 4354 1218 4406 mint
1249 4355 1334 4407 ulsbb
1366 4355 1428 4406 502.

457 4443 485 4493 es
505 4446 564 4494 510.
594 4459 632 4496 sn.
651 4460 695 4511 ως
723 4445 842 4496 sbudsi
861 4439 1274 4509 nir.ksmnrat1ev61ttrbsn.)
