3162 5200
644 1182 719 1252 18¹2.

22 1387 23 1392 ’
104 1385 160 1452 IV.
173 1384 288 1451 Macld
303 1383 421 1470 atrcty
435 1407 457 1448 c
471 1380 679 1470 nydlaeipctct
703 1383 943 1470 cdomdnyoezo
973 1407 995 1448 c
1025 1383 1236 1472 boldopadpoa

22 1481 28 1492 ’
161 1516 290 1580 oamoay
308 1494 493 1560 ticztcletdrc
508 1502 553 1559 ott
559 1492 737 1579 selaecatclt
752 1493 1057 1582 cpdcauzdrddnalc
1080 1493 1180 1562 1278.

205 1683 273 1752 Nos
291 1683 471 1754 Ladinlans
487 1684 549 1751 Dei
567 1683 680 1767 gracia
694 1683 874 1769 Hungarie,
891 1686 1073 1773 Dalmacie,
1091 1686 1235 1773 Oroacie,
1338 1683 1343 1690 ’

106 1793 208 1880 ltame,
236 1792 369 1879 Seruio,
400 1791 549 1878 Gallicie,
580 1791 781 1876 Lodomerie,
813 1792 972 1860 Cumania
1013 1795 1250 1882 Bulgarieque·
1364 1800 1366 1805 '

107 1901 170 1966 Rex
184 1901 330 1968 omnibus
346 1900 470 1968 Christi
485 1899 633 1967 fidelibus
657 1907 842 1987 presentem
869 1900 1024 1988 paginam
1041 1901 1237 1989 inspecturis

109 2007 236 2076 salutem
252 2007 286 2073 in
304 2008 446 2076 Domino
462 2008 702 2094 sempiternam.
735 2009 850 2075 Diuini
874 2009 1024 2076 Numinis
1058 2012 1236 2098 incompre-

22 2175 24 2206 :
109 2115 267 2183 hensibilis
280 2115 425 2184 altitudo
439 2117 542 2201 Regni
559 2118 782 2202 gubernacula
798 2117 943 2202 Regibus
962 2119 1128 2186 catholice
1158 2119 1235 2186 fidei

22 2223 30 2302 s
112 2243 145 2291 eo
160 2224 328 2292 committit
346 2223 475 2292 felicius
492 2223 718 2312 gnbemnnda,
751 2245 815 2310 qno
830 2225 928 2311 ijdem
945 2225 1052 2311 Reges
1068 2227 1236 2295 Ecclesiae

22 2369 24 2416 3
114 2330 223 2399 Christi
248 2332 413 2418 sanguine
438 2331 615 2421 rubicatas,
646 2352 706 2400 suc
735 2333 837 2400 tutele
867 2333 1058 2402 commissas
1090 2335 1239 2402 nituntur

22 2433 24 2528 ζ
113 2438 208 2507 ditare
223 2441 257 2507 in
274 2440 662 2526 temporalibus-vberius
678 2460 737 2508 sen
748 2439 871 2508 dotare.
891 2439 1033 2510 Proinde
1049 2441 1091 2509 ad
1107 2443 1235 2510 uniuer-

22 2569 27 2638 ,ι
112 2565 209 2613 samm
225 2549 384 2616 noticiam
401 2557 469 2617 tam
484 2548 687 2634 presencium
703 2568 799 2633 qnam
816 2550 995 2616 futurorum
1011 2549 1130 2616 barum
1155 2552 1238 2618 serie

22 2709 24 2740 ,
113 2655 250 2722 uolumus
266 2658 444 2741 peruenire
461 2680 470 2722 :
486 2653 574 2741 quod
589 2673 648 2722 nos
664 2655 722 2740 pia
738 2655 928 2724 douocionis
956 2656 1233 2745 consideracione,

22 2749 24 2788 ³
115 2781 201 2844 quam
217 2762 464 2841 ad,Gloriosam
482 2763 542 2829 Dei
576 2761 785 2848 domitricem,
817 2784 880 2847 que
911 2762 1062 2848 cuiquam
1094 2765 1239 2833 fidelium

22 2855 24 2900 ⁵
115 2871 277 2938 nouercari
294 2891 361 2937 non
376 2871 477 2952 nouit,
494 2870 659 2949 habemns,
684 2869 918 2954 benignissime
934 2869 1071 2958 inducti,
1096 2871 1238 2940 insulam

22 2989 24 3006 ²
116 2996 206 3062 supra
220 2975 410 3046 Danubium
427 2980 517 3046 circa
531 2979 682 3047 Veterem
697 2978 825 3046 Budam
839 2979 1043 3066 existentem,
1063 2999 1125 3064 quc
1140 2999 1239 3065 quon-

22 3075 24 3102 ³
118 3083 184 3151 dam
200 3087 314 3154 Insula
327 3087 490 3173 Luporum
505 3085 682 3175 vulgariter,
695 3082 784 3153 nuno
799 3095 907 3154 autem
924 3085 1036 3154 Insula
1052 3089 1153 3155 Beate
1168 3085 1239 3154 Vir·

117 3190 193 3274 ginis
208 3194 312 3262 Mario
329 3200 540 3280 nuncupatur,
559 3214 631 3261 cum
647 3194 758 3280 muris,
775 3196 880 3280 terris,
913 3193 1154 3264 habitatoribus
1170 3213 1240 3281 pre·

116 3299 252 3368 sentibus
270 3308 303 3369 et
318 3301 447 3389 futuris,
481 3322 521 3368 ac
536 3301 614 3386 alijs
631 3301 824 3368 utilitatibus
856 3301 1017 3389 omnibus,
1050 3308 1082 3368 et
1097 3301 1240 3370 breuiter

118 3407 260 3490 quicquid
276 3410 359 3477 iuris
376 3409 533 3476 babemus
557 3410 612 3477 vel
642 3407 762 3476 babere
792 3408 1017 3494 potuissemus,
1049 3415 1106 3476 aut
1136 3410 1241 3478 eciam

117 3511 228 3582 babere
244 3515 470 3584 debuissemus
485 3516 520 3582 in
536 3515 662 3604 eadem,
696 3522 799 3582 totum
815 3533 856 3582 ex
871 3534 959 3582 nunc
974 3515 1078 3584 libere
1109 3516 1239 3602 damus,

119 3618 265 3692 donamus
275 3630 310 3692 et
325 3622 532 3694 concedimus
547 3625 673 3692 uterino
681 3622 784 3691 sorori
795 3631 905 3691 nostre
915 3621 1095 3713 karisdme,
1112 3621 1241 3691 domine

120 3727 262 3798 uidelicet
278 3732 461 3820 Elisabeth,
478 3752 518 3800 ac
533 3731 684 3801 omnibus
699 3731 904 3816 dominabus,
932 3731 1094 3800 sororibus
1127 3729 1242 3798 uideli-

122 3839 370 3925 cetllonastcrij
387 3839 490 3908 Beate
506 3840 653 3925 Virginis
670 3840 705 3905 in
737 3838 851 3907 eadem
883 3838 992 3904 insula
1022 3837 1094 3904 Deo
1124 3836 1243 3922 ingiter

23 3935 24 3944 ³
123 3945 361 4036 famulantibus,
379 3955 410 4014 et
427 3948 624 4015 Monasterio
642 3947 840 4034 supradicto,
856 3950 1011 4032 perpetuo
1029 3954 1061 4014 et
1083 3946 1243 4014 irrcuoca-

122 4052 457 4140 biliterpossidenda3
482 4056 631 4122 volentes
657 4059 689 4120 et
720 4053 946 4139 concedentes,
979 4053 1064 4137 qnod
1096 4073 1118 4120 a
1147 4051 1244 4120 modo

122 4165 181 4224 tam
196 4161 299 4249 ipsum
315 4163 549 4230 Monasterium
565 4161 710 4246 Virginis
726 4162 934 4244 lutomerice,
966 4179 1061 4242 quam
1088 4160 1243 4226 uniuerse

45 4271 48 4276 ’
123 4267 263 4352 religiose
277 4288 406 4339 sorores
421 4269 455 4335 in
472 4268 587 4336 eodem
603 4268 740 4336 feliciter
755 4268 924 4352 degentes,
940 4265 1120 4334 collacione
1146 4267 1242 4334 huius

22 4437 24 4452 ᾖ
54 4446 58 4456 Ι
124 4370 220 4443 insule
234 4399 292 4464 per
308 4398 368 4445 nos
383 4377 535 4461 regaliter
551 4377 651 4462 lacta,
684 4394 800 4442 secure
817 4379 849 4441 et
865 4371 993 4438 illibate
1019 4373 1184 4458 gaudeant
1210 4380 1243 4441 ct
1288 4395 1290 4403 ·

22 4493 24 4572 Q
126 4479 269 4553 truantur.
292 4487 331 4552 ln
356 4484 448 4552 auius
473 4485 522 4551 rei
555 4482 741 4550 memoriam
773 4481 1021 4564 firmitatemque
1052 4485 1243 4566 perpetuam

22 4593 24 4684 J
128 4598 277 4670 presentes
293 4591 511 4661 concessimus
532 4591 656 4659 litteras
674 4587 837 4676 dupplicis
861 4587 963 4674 sigilli
994 4585 1098 4655 nostri
1127 4587 1245 4654 robore

128 4697 335 4778 communitas.
375 4701 497 4768 Datum
530 4721 589 4786 per
619 4719 737 4767 manus
769 4697 968 4765 venerabilis
998 4695 1060 4764 riri
1095 4695 1245 4781 Magistri

22 4867 23 4890 ,
130 4801 237 4876 Vbome
258 4800 411 4878 albensis
437 4809 587 4877 Ecclesie
611 4808 716 4875 relecti
735 4793 809 4874 aule
825 4814 934 4874 nostre
949 4803 1241 4890 ViceCanccllarij,
