3190 5190
16 1463 17 1468 γ
68 1371 104 1434 V.
129 1369 243 1438 Ietcdn
259 1371 367 1456 kirdly
383 1373 570 1456 moperb'slti
596 1393 677 1437 azon
701 1372 893 1452 ozerzddcsst,
923 1373 1073 1459 melylycl
1098 1372 1205 1440 Hercle

68 1477 157 1543 darei
170 1478 296 1562 polpa'r
312 1501 333 1542 α
351 1477 477 1543 Garum
484 1477 607 1564 folpdn
622 1480 690 1544 leod
704 1478 839 1542 crolmdt
855 1501 876 1542 o
892 1501 932 1542 oz.
957 1478 1108 1545 denedelci
1131 1502 1197 1545 orro-
1217 1526 1226 1540 .

426 1585 602 1649 costornolc
617 1583 735 1650 cludro.
758 1579 853 1650 1272.
876 1653 881 1667 ,

176 1776 443 1864 blosStephanns
459 1777 520 1844 Dei
533 1778 646 1861 gracia
661 1777 830 1862 Hungaric
853 1777 1032 1863 Dalmacie,
1052 1777 1199 1864 Croacie,

70 1886 181 1966 Reme,
212 1883 335 1972 Seruie,
369 1884 517 1967 Gallicie,
548 1883 747 1966 Lodomeric,
780 1886 938 1952 Cumanis
976 1885 1198 1971 Bulgarieque

69 1993 135 2058 ilex
151 1992 301 2058 omnibus
333 1999 401 2058 tam
417 1993 621 2078 presentibus
637 2013 733 2075 qnam
750 1991 866 2058 suturis
881 1998 1049 2076 presentes
1066 1995 1192 2063 litteras

16 2087 18 2154 Γ
73 2099 267 2185 inspecturis
297 2099 434 2166 salutem
466 2101 499 2167 in
531 2100 673 2166 omnium
690 2100 861 2168 saluatore.
894 2100 946 2166 Ad
977 2100 1203 2169 uniuersorum

16 2199 17 2204 ’
72 2214 133 2272 tam
166 2209 373 2290 presencium
399 2228 494 2292 quam
511 2207 691 2274 futurorum
707 2207 861 2275 noticiam
877 2209 991 2275 hurum
1007 2213 1094 2277 serie
1109 2211 1198 2281 volu·

71 2333 138 2380 mus
153 2314 325 2401 peruenire
342 2340 350 2380 r
366 2313 452 2399 quod
467 2314 517 2382 vir
546 2313 744 2384 venerabilis
767 2315 867 2382 trater
892 2314 1049 2383 Martinus
1080 2317 1194 2386 Abbas

71 2420 257 2504 blonasterij
291 2421 384 2488 Beati
415 2420 583 2488 Benedicti
615 2421 657 2488 de
676 2422 788 2490 Graue
819 2423 862 2487 ad
878 2432 1021 2489 nostram
1036 2425 1198 2493 accedens

16 2521 21 2544 '
71 2527 271 2611 presenciam
287 2528 405 2595 obtulit
421 2528 524 2598 Nobis
549 2528 773 2614 priuilegiales
803 2529 927 2596 litteras
958 2528 1101 2598 fidelium
1118 2552 1195 2600 nos-

70 2639 189 2701 trorum
222 2634 364 2721 Capituli
395 2635 579 2724 Nitriensis,
612 2635 705 2702 datas
728 2656 787 2704 sen
802 2655 974 2704 concessas
995 2656 1093 2722 super
1109 2659 1197 2725 emp-

73 2744 161 2812 cione
176 2740 348 2810 cuiusdam
373 2741 553 2810 molendini
574 2742 742 2811 existentis
760 2742 793 2808 in
808 2743 907 2810 fluuio
939 2744 1050 2812 erana
1065 2747 1099 2812 in
1116 2747 1200 2814 uilla

74 2852 160 2920 Bors.
176 2849 323 2930 Quarum
339 2850 470 2934 quidem
487 2850 665 2917 litterarum
680 2857 774 2915 tenor
791 2848 868 2915 talis
885 2856 935 2916 est
951 2877 959 2918 :

177 2959 348 3026 Vniuerris
365 2959 426 3026 stb.
444 2957 626 3043 Capitulum
642 2956 827 3040 Nytriensis
841 2956 987 3025 Ecclesie
997 2959 1059 3026 stb.
1071 2959 1201 3044 (kbvet-

76 3066 168 3134 kezilr
183 3089 204 3134 a
218 3066 341 3153 nyitrai
371 3065 600 3149 kdptalannak
633 3063 769 3137 uere-ki
801 3062 1097 3156 bizonysdglevelc,
1113 3070 1199 3136 mint

16 3253 17 3256 Ἴ
68 3171 346 3260 Cbmdnytbrunk
376 3173 447 3237 Vll.
481 3171 598 3256 vagyis
615 3191 636 3236 u
651 3169 801 3236 masodiu
818 3169 943 3254 iolyam
960 3172 1002 3240 ΙΙ.
1021 3172 1197 3243 kbteteben

16 3279 17 3284 ’
76 3281 194 3369 3221.)

16 3365 18 3474 ᾗ
176 3389 244 3454 Nos
276 3389 388 3471 itaque
418 3393 618 3455 contractum
652 3384 836 3452 huiusmodi
867 3384 1073 3472 aprobantes,
1099 3398 1202 3475 prout

16 3519 18 3546 ε
74 3495 170 3563 eciam
184 3495 335 3583 primitus
352 3495 601 3579 porDionieium
619 3494 776 3560 Comitem
792 3491 998 3559 Borsieusem
1016 3496 1201 3578 aprobctus

16 3629 18 3694 ς
75 3601 181 3690 lueret,
211 3602 388 3671 secundnm
419 3603 505 3687 quod
535 3601 639 3687 ipsius
673 3601 781 3668 littere
797 3599 1024 3685 declarabant,
1044 3610 1077 3668 et
1094 3606 1201 3671 eciam

16 3761 18 3798 ,
78 3709 278 3778 collacionem
295 3709 390 3776 vuius
406 3729 484 3776 aree
500 3707 571 3776 siue
586 3710 670 3775 situs
687 3708 776 3776 curie
792 3727 849 3793 per
870 3705 1037 3775 dominum
1069 3710 1198 3794 Regem
1241 3724 1249 3738 ·

78 3812 173 3884 lelicis
220 3816 455 3884 recordacionis
502 3815 710 3884 karissimum
750 3823 876 3901 patrem
918 3821 1064 3881 nostrum
1106 3815 1198 3884 dicto

78 3919 263 3994 llonasterio
280 3925 314 3991 in
331 3924 413 3991 uilla
429 3921 541 3991 eadem
558 3922 680 4008 collati,
699 3925 790 3990 iuxta
804 3941 935 3989 suarum
954 3920 1198 3988 continenciam

16 4009 18 4084 l
80 4027 243 4100 litterarum
274 4038 380 4100 ratum
396 4032 554 4100 habentes
581 4029 785 4117 presentibus
802 4028 1042 4110 confirmamus,
1057 4026 1200 4115 duplicis

83 4135 167 4220 sigilli
194 4141 297 4206 nostri
318 4139 502 4206 monimine
534 4138 725 4205 roborando.
758 4137 925 4214 Volentes,
959 4133 1045 4216 quod
1081 4134 1200 4203 Abbas

16 4271 18 4334 ρ
81 4245 198 4325 predicti
229 4245 417 4330 Monasterij
450 4265 549 4329 super
564 4244 733 4330 premissis
750 4261 809 4308 nec
824 4262 882 4329 per
898 4240 1058 4307 Comitem
1088 4241 1199 4308 Borsi-

16 4345 19 4504 ‚
83 4368 185 4436 ensem,
201 4354 382 4440 quicunque
400 4351 496 4420 fuerit
512 4372 568 4438 pro
584 4361 738 4438 tempore,
755 4369 816 4415 nec
831 4369 889 4433 per
915 4348 1000 4416 alios
1033 4347 1199 4432 quoslibet

16 4509 18 4514 .
80 4456 175 4527 calcor
203 4460 269 4528 cllo
300 4481 442 4546 cuquam
474 4467 619 4544 tempore
651 4455 826 4526 molestari.
858 4455 977 4522 Datum
998 4473 1059 4539 per
1077 4473 1197 4522 manus
1300 4452 1307 4461 ⁴

16 4515 18 4636 d
83 4558 212 4648 Magistri
243 4568 411 4636 Benedicti
443 4565 631 4634 orodiensis
662 4565 804 4632 Ecclesie
818 4560 979 4647 Propositi
996 4560 1072 4626 aule
1085 4569 1198 4628 nostre

81 4665 353 4764 l'iceCancellerij,
384 4676 496 4745 dilecti
529 4684 560 4743 ct
585 4675 689 4742 fidelis
720 4672 829 4758 nostri,
870 4688 956 4736 anno
981 4667 1111 4815 Domini
1145 4671 1197 4736 M·

1048 4778 1071 4842 4
