3160 5200
857 277 1017 376 ..Q
1059 365 1064 375 .

372 491 408 538 se
424 447 627 538 eontineutes
644 471 737 540 nobis
755 479 950 558 presentauit
965 499 973 539 ε
990 476 1023 540 in
1040 494 1175 556 quorum
1208 473 1336 558 quidem
1365 473 1469 542 littera·

371 599 442 646 rum
459 580 679 646 memoralium
697 579 774 647 dieti
789 581 933 666 Capituli
949 581 1120 669 Agriensis
1137 590 1248 648 tenore
1273 583 1355 650 inter
1384 591 1472 648 uetera

373 687 563 773 habebatur,
580 687 667 772 quod
683 687 795 755 Andre
810 687 878 755 filio
895 689 1016 774 Bedek,
1035 696 1068 756 et
1080 691 1269 758 Alexandro
1285 691 1350 756 filio
1373 690 1474 757 Eleius

372 795 613 880 consanguineo
629 815 688 863 sno
705 798 746 863 de
764 797 1035 885 Hernadnemptj,
1051 799 1105 881 qui
1121 820 1181 885 pro
1197 817 1233 865 se
1248 805 1280 864 et
1312 819 1368 884 pro
1397 797 1473 863 Petro

371 923 410 969 ao
426 904 592 988 Stephano
609 902 687 986 fiiijs
702 905 827 971 Thonis
843 903 904 988 filij
921 905 1025 990 ipsius
1052 905 1165 973 Bedek
1196 906 1237 974 de
1268 903 1378 972 eadem
1406 924 1473 970 oon·

372 995 536 1095 paruisset
549 1029 589 1076 ex
606 1031 671 1076 una
687 1019 789 1098 parto,
807 1013 849 1078 ab
866 1013 971 1078 altera
988 1033 1064 1080 uero
1080 1013 1217 1080 Niooiao
1232 1012 1298 1080 filio
1314 1011 1436 1099 Nadoy,
1449 1017 1474 1076 et

320 1133 325 1140 ·
371 1117 537 1186 Ramaoha
553 1118 619 1184 filio
634 1117 791 1203 Nymhez,
823 1121 900 1186 item
917 1121 1027 1188 Maron
1044 1127 1077 1186 et
1092 1118 1267 1188 Benedioto
1283 1119 1360 1202 filiis
1388 1118 1475 1184 Theo·

371 1227 439 1294 dori
458 1247 518 1310 pro
534 1245 570 1293 se
587 1231 618 1294 et
634 1247 692 1311 pro
707 1226 851 1307 uuekus,
866 1227 1008 1315 Syruone
1024 1233 1057 1294 et
1071 1229 1222 1298 Joiranne
1233 1228 1385 1296 fratribus
1411 1225 1475 1310 suis,

371 1355 478 1400 noram
497 1335 584 1401 dioto
601 1333 751 1418 Capitulo
767 1335 934 1420 rigriensis
951 1335 1096 1403 Eooiesie
1111 1336 1328 1422 personaliter
1344 1334 1475 1401 eonstitu-

371 1443 427 1528 tis,
442 1442 560 1528 prefati
578 1442 728 1510 Andreas
745 1451 778 1510 et
793 1443 850 1526 aiij
870 1444 1126 1530 proposuissent,
1159 1442 1246 1529 quod
1262 1443 1475 1518 dimidietsten

231 1547 235 1562 “
368 1560 452 1616 terre
468 1549 609 1637 ipsorum
627 1549 885 1637 Hornaduempti
904 1557 1027 1636 vooate,
1044 1572 1104 1637 per
1120 1550 1348 1634 eonoarnbium
1363 1548 1476 1630 attegi-

372 1666 439 1726 stro
456 1657 623 1748 Stephano
640 1659 706 1725 filio
723 1659 832 1746 Erney
850 1679 908 1745 pro
923 1659 1065 1744 quadarn
1083 1669 1170 1727 terra
1186 1659 1332 1744 ipsorum
1351 1659 1476 1726 Poronns

370 1776 486 1834 vooau
502 1765 545 1831 ad
561 1787 597 1833 se
614 1767 774 1856 deuolute,
791 1767 956 1835 obseram
967 1765 1177 1838 dileeoionenr
1188 1767 1405 1853 proximitatis
1413 1785 1472 1831 oon
1536 1787 1538 1790 ·

367 1877 515 1942 omnibus
533 1873 725 1942 utilitatibus
741 1874 810 1942 suis
826 1875 997 1942 dedissent
1021 1880 1053 1940 ot
1084 1875 1260 1941 donassent
1294 1873 1421 1940 Nieolao
1447 1879 1472 1936 et

367 1984 541 2067 Romaene,
557 2000 597 2050 ao
612 1981 688 2066 filiJs
706 1983 878 2069 Tbeodory
893 1982 1146 2068 consanguineis
1178 1981 1247 2050 suis
1280 1978 1471 2066 supradietis,

367 2099 522 2157 eteorum
542 2089 712 2156 heredibus
730 2097 886 2177 perpetuo
899 2090 975 2173 jure
991 2089 1218 2175 possidendam
1246 2095 1280 2154 et
1312 2087 1475 2154 habendam
1538 2085 1544 2099 “

367 2201 427 2265 stb.
452 2199 571 2264 Datum
589 2233 990 2252 -------
1008 2235 1050 2248 ·-
1068 2197 1240 2266 millesimo
1265 2194 1474 2264 teroentesino

368 2308 577 2390 nonagesimo
594 2307 703 2376 toreio.

579 2501 723 2572 (Eredetie
736 2523 753 2556 a
766 2505 851 2556 budai
865 2505 918 2558 kir.
932 2506 1060 2558 kamarai
1073 2503 1267 2568 leveltarban.)

788 2791 1056 2805 ffl—

889 3219 964 3289 442.

359 3423 490 3510 Ape'cei
505 3423 725 3510 kdptolouuuk
741 3420 1013 3507 biaouyedpleoele,
1036 3418 1120 3506 kopp
1138 3420 1258 3501 Karka,
1282 3421 1367 3487 elusa
1395 3420 1471 3484 ezdr-

358 3537 492 3596 nroao'sd
513 3527 634 3596 Gello'rt
651 3531 807 3596 orvoauok
824 3529 947 3613 lodoyco,
961 3531 994 3595 da
1009 3529 1161 3613 rokouoi,
1177 3527 1332 3593 (interestis
1345 3527 1471 3611 suprep-

357 3639 412 3704 ὄρη
430 3641 496 3702 lesu
511 3637 756 3704 birtokroszuuer
772 3638 960 3723 ritruprdte'lr
978 3625 1166 3724 loriapriuuk
1183 3635 1334 3736 Quande
1347 3637 1379 3699 ds
1402 3633 1472 3716 oeje'-

667 3745 725 3811 uelt
745 3746 831 3829 Olafi
849 3745 1046 3812 Mikldsuuic.
1074 3745 1172 3808 1293.

464 3941 623 4008 Nioolaus
641 3939 827 4027 Propositus
845 3945 878 4007 et
909 3939 1096 4024 Capitulum
1126 3931 1472 4021 Quinqueeoolesiensis

357 4048 502 4116 Eoolesie
519 4049 666 4115 omnibus
692 4067 825 4131 presens
857 4047 1010 4133 seriptum
1042 4043 1248 4112 sernentibus
1281 4043 1415 4110 salutem
1443 4041 1471 4104 in

354 4156 502 4225 Domino.
520 4154 820 4223 dominororum
839 4153 995 4221 notioiam
1011 4154 1160 4221 volumus
1186 4149 1363 4238 peruenire,
1394 4143 1470 4231 quod

354 4266 493 4351 quedam
512 4265 627 4332 mulier
643 4264 774 4332 nornine
790 4263 901 4331 Katha
917 4263 984 4330 fiiia
1015 4259 1152 4330 Gerardi
1185 4259 1295 4329 Latini
1328 4257 1407 4323 fisioi
1435 4251 1469 4317 de

353 4375 432 4441 uilla
449 4373 616 4458 Gurorestlr,
643 4393 708 4440 vna
725 4393 796 4438 oum
813 4373 909 4439 Petro
926 4372 992 4438 ulio
1009 4369 1158 4454 Barlabe,
1193 4376 1226 4435 et
1241 4367 1322 4436 Iuan
1336 4364 1403 4430 filio
1417 4362 1469 4427 Re·

354 4481 425 4548 ohel
442 4479 605 4548 nobilibus
622 4479 663 4546 de
679 4480 842 4549 Gueresth
859 4478 1006 4563 cognatis
1023 4478 1091 4545 suis
1108 4476 1325 4560 personaliter
1333 4473 1364 4538 in
1375 4465 1467 4536 nostri

354 4590 526 4674 presencia
543 4589 729 4676 constituta,
746 4585 912 4673 quandam
928 4593 1049 4655 terram
1065 4605 1158 4656 suam
1187 4604 1247 4686 seu
1278 4589 1375 4650 wau
1406 4593 1469 4664 por·
