3102 5196
86 1126 114 1187 A
130 1127 292 1194 vdcnozcc'
309 1128 528 1216 kizidrsosdq
544 1129 685 1196 Molioni
699 1128 872 1194 Endrcncn
887 1127 1008 1194 leniaci
1020 1128 1227 1215 podestdnoic

161 1235 336 1314 felszerelt
355 1238 437 1309 hodi
453 1241 542 1327 sajet
557 1239 737 1326 ertqedelyee
753 1262 774 1303 a
788 1236 922 1302 kalcmk
937 1236 1025 1302 elien.
1049 1235 1149 1300 1282.

190 1430 261 1498 Die
293 1433 460 1518 vigesima
500 1435 638 1522 septima
668 1432 878 1518 Septembris.
917 1430 998 1499 Cum
1030 1431 1227 1516 Bogodanns

88 1537 252 1607 PetieIebo
269 1545 328 1609 vel
348 1541 448 1609 frater
464 1542 532 1610 eins
558 1542 658 1610 vadat
682 1541 856 1608 enricando
875 1540 968 1608 iuxta
985 1547 1096 1626 partes
1127 1539 1228 1607 Farre

89 1652 119 1711 et
132 1645 257 1714 Brome
291 1669 369 1718 enm
386 1648 510 1717 dnobus
526 1651 629 1735 lignis
645 1649 793 1735 armatis,
809 1648 893 1718 sient
909 1649 1036 1751 dicitnr,
1052 1651 1150 1734 copta
1165 1647 1227 1714 fuit

0 1748 11 1779 “
90 1771 162 1835 pars
178 1780 187 1820 :
204 1757 299 1840 qnod
318 1779 382 1845 pro
398 1757 540 1825 utilitate
555 1765 588 1824 et
602 1758 778 1825 securitate
794 1756 936 1824 euntium
954 1762 988 1824 et
1001 1755 1225 1825 reddeuntinm

90 1877 144 1942 per
173 1871 289 1946 partes
323 1866 413 1952 illas,
444 1866 639 1934 concedatur
669 1866 771 1934 nobili
789 1864 857 1932 viro
888 1865 1015 1932 domino
1036 1864 1166 1932 Andree
1182 1865 1223 1932 de

92 1965 217 2056 molino,
235 1972 327 2041 itnro
342 1976 542 2043 Potestatem
557 1975 634 2043 illoc
645 1974 802 2043 addictas
829 1974 969 2061 Insulas,
986 1975 1111 2058 iignum
1128 1992 1226 2040 unum

93 2079 216 2144 eremis
228 2083 439 2171 octuaginta,
455 2089 487 2151 et
497 2085 618 2153 habeat
632 2091 698 2152 tres
708 2081 806 2151 libras
817 2102 1000 2168 grossorum
1011 2102 1032 2148 a
1043 2081 1222 2170 Communi,

94 2189 123 2248 et
136 2184 205 2270 ipse
222 2187 353 2260 debeat
367 2192 416 2259 ire
431 2212 504 2259 cum
519 2193 591 2279 ipso
608 2192 698 2276 ligno
722 2190 765 2260 ad
796 2191 899 2259 dictas
930 2195 1042 2277 partes
1072 2187 1115 2256 ad
1146 2209 1222 2258 snas

95 2309 264 2384 expensas,
296 2299 385 2383 quod
415 2300 540 2384 iignum
572 2299 690 2368 debeat
720 2319 889 2367 remanere
918 2299 975 2386 ibi,
1006 2305 1038 2367 et
1054 2306 1162 2366 tenore
1188 2299 1222 2364 in

4 2485 6 2490 ,
97 2403 199 2470 concio
231 2405 278 2474 ad
312 2427 475 2495 expensas
505 2409 629 2476 illorum
662 2408 703 2475 de
727 2409 848 2477 Insulis
879 2412 1050 2476 occasione
1081 2407 1225 2493 predicte
1338 2461 1339 2464 η

15 2584 18 2587 ,
97 2511 291 2584 securitatis.

100 2705 231 2778 (IJJubios,
256 2715 446 2769 Monumenta
470 2717 630 2783 spectantia
654 2717 805 2769 historiam
824 2720 971 2771 slavorum
996 2717 1225 2770 Meridionaiium

547 2807 570 2857 1.
583 2807 642 2859 nes.
665 2810 723 2859 13³.
737 2807 769 2872 1.)

532 3096 798 3105 ...ιω-*-

627 3665 703 3732 304.

207 3866 325 3931 Frater
342 3864 476 3952 Geryely
493 3869 595 3934 ison-i
606 3867 795 3955 piapilcncic
810 3869 1016 3933 celanensis.
1036 3872 1135 3933 1282.

206 4061 243 4128 In
260 4061 322 4130 Dei
332 4064 461 4130 nomine
476 4083 582 4131 amen.
599 4064 693 4130 Anno
710 4063 855 4131 eiusdem
871 4061 991 4131 M⁰OO⁰
1006 4067 1226 4150 octuagesimo

111 4169 249 4256 secundo,
265 4171 447 4241 indiccione
461 4173 513 4260 X,
531 4179 675 4261 tempore
691 4173 814 4242 domini
833 4173 963 4242 Martini
994 4174 1086 4260 Pape
1103 4182 1136 4243 et
1168 4177 1228 4242 Le·

5 4334 8 4352 ,
110 4267 197 4344 dislai
218 4278 424 4348 serenissimi
448 4281 548 4368 Regis
565 4282 720 4369 Ungaric,
742 4283 796 4350 dio
811 4283 973 4352 dominico
990 4283 1102 4351 ultimo
1119 4283 1228 4366 Madij·

113 4375 180 4450 Cum
211 4386 360 4455 Ecclesia
390 4389 502 4457 Sancti
534 4390 707 4477 Laurencij
743 4391 959 4478 Episcopatus
998 4391 1229 4476 Traguriensis

111 4494 226 4576 proprio
255 4503 388 4585 pastore
414 4506 556 4586 vacaret,
572 4497 710 4587 ideoque
727 4500 771 4567 ad
786 4499 942 4569 honorem
960 4507 993 4569 et
1006 4501 1226 4570 reuerenciam

6 4605 7 4620 ¹
118 4593 262 4674 nltissimi
294 4606 367 4693 Dei,
399 4605 548 4676 Glorioso
582 4608 726 4694 Virginis
757 4607 871 4697 Marie,
903 4608 1075 4678 Bentorum
1116 4609 1227 4678 Sancti
