3102 5196
894 319 1083 426 mus..

426 513 572 582 lancium
605 515 639 582 in
656 515 770 584 eodem
789 517 830 583 ob
847 516 1016 602 penuriam
1043 513 1251 602 inpulsiuam,
1265 511 1423 598 quandam
1437 523 1536 584 terrun

428 623 480 690 sni
498 622 690 712 blonasterij
707 622 741 690 in
758 622 919 690 territorio
937 621 1017 689 uilla
1047 621 1151 706 Peney
1183 623 1243 688 sub
1275 623 1371 689 metis
1400 619 1527 692 inclusam

428 727 657 814 infrascriptis,
690 747 731 796 ex
748 729 928 804 donacione
961 735 994 796 et
1011 728 1188 796 collacione
1204 727 1377 796 salutifera
1390 727 1526 814 proderes

429 854 539 904 sorum
557 835 707 905 Floriani
722 838 779 922 filij
798 836 896 921 Galli,
913 845 946 903 et
963 836 1098 902 Comitis
1117 834 1248 902 Andree
1264 835 1305 902 dc
1337 835 1444 903 eadem
1470 837 1529 902 rillu

424 943 544 1032 Pezey,
570 945 612 1012 ad
637 945 742 1028 ipsum
758 943 990 1012 blonasterium
1006 942 1203 1026 deuolutum,
1220 943 1262 1009 de
1277 961 1354 1027 qua,
1369 942 1445 1009 sieut
1457 942 1525 1026 dixit,

428 1053 527 1120 nichil
544 1053 710 1137 hactenus,
727 1060 784 1120 aut
801 1052 962 1119 modicum
983 1051 1232 1118 emolumentum
1263 1050 1527 1118 blonasteriuncst

428 1165 647 1244 consecutum,
673 1158 785 1226 habito
803 1177 873 1226 eum
891 1158 960 1224 suis
976 1157 1141 1245 iratribus,
1163 1164 1230 1224 toto
1247 1155 1374 1224 scilieet
1390 1156 1526 1224 Ganuenta

429 1268 480 1332 sui
492 1265 692 1351 Monasterij,
708 1266 867 1348 simulque
878 1283 949 1330 cum
964 1264 1124 1342 Patronis,
1142 1264 1268 1330 Gemite
1278 1262 1429 1330 uidelicet
1445 1259 1522 1328 Obab

429 1378 461 1439 et
477 1371 570 1438 Bund
603 1373 679 1457 filijs
710 1372 814 1458 Band,
832 1381 864 1438 et
893 1371 1049 1438 Ladizlao
1065 1372 1132 1438 filio
1159 1369 1255 1453 Petri,
1271 1370 1526 1454 iobagioniuusq

428 1479 589 1548 uniuersis
606 1480 719 1564 semel,
730 1477 873 1548 secundo
884 1479 1024 1546 ettercio
1035 1484 1176 1545 tractatu
1196 1476 1362 1563 diligenti,
1379 1476 1524 1542 uolentib

429 1587 588 1672 omnibus,
621 1593 654 1653 et
669 1585 749 1652 utile
765 1605 805 1652 ac
820 1585 1022 1654 fructuosum
1040 1584 1111 1651 ioue
1127 1585 1324 1651 Monasterio
1341 1581 1526 1650 asserentibus

430 1693 696 1778 concorditerque
713 1693 941 1773 annuentibus,
965 1693 1122 1758 dictorum
1151 1692 1253 1758 eciam
1284 1690 1471 1756 donanciuru
1493 1689 1527 1771 ip

430 1819 500 1866 sam
517 1809 634 1868 terram
652 1800 902 1882 suecessoribus,
918 1799 1004 1866 dicto
1019 1798 1173 1866 videlicet
1188 1798 1344 1865 Floriano
1360 1805 1393 1865 et
1406 1795 1529 1864 fratribus

429 1910 508 1991 suis,
525 1907 683 1992 Magistro
699 1905 796 1974 Petro
813 1908 901 1973 socio
929 1913 960 1972 et
976 1906 1193 1974 concanonico
1209 1915 1329 1989 nostro,
1361 1911 1392 1970 et
1404 1904 1524 1970 tratribus

433 2015 591 2099 eiusdem,
623 2012 727 2081 Panlo
760 2014 915 2080 uidelicet
946 2021 978 2079 et
1009 2013 1187 2100 Stephano,
1230 2014 1403 2099 nepotibus
1430 2011 1528 2078 hudreu

431 2119 566 2188 Comitis
583 2121 757 2206 prenotati,
779 2119 1061 2187 consencientibus
1086 2139 1125 2186 ac
1151 2120 1329 2206 uolentibs,
1362 2120 1531 2204 quemadmo

430 2229 506 2294 dum
523 2227 622 2312 ijdem
639 2230 672 2294 in
688 2229 790 2296 nostri
807 2229 974 2294 constituti
991 2227 1163 2312 presencia
1182 2247 1218 2294 se
1234 2227 1405 2312 prebuisse
1427 2245 1531 2293 consen

428 2356 498 2402 sum
514 2335 649 2403 firmiter
664 2342 887 2420 astruxerunt,
904 2335 1008 2418 petita
1028 2335 1131 2402 eciam
1152 2345 1184 2402 et
1199 2338 1337 2403 obtenta
1352 2357 1373 2402 a
1388 2329 1532 2400 venerabili

430 2445 463 2509 in
481 2441 607 2510 Christo
632 2451 727 2528 patre
743 2443 873 2510 dominu
893 2444 991 2510 Petro
1007 2443 1169 2528 Episcopo
1188 2451 1300 2512 nostro
1320 2443 1456 2524 licencia,
1469 2441 1533 2506 sicut

429 2551 464 2615 in
482 2548 627 2616 eiusdem
657 2549 775 2616 litteris
807 2549 901 2616 nubis
933 2547 1088 2617 exhibitis
1120 2549 1260 2616 uidimus
1291 2548 1452 2635 contineri,
1477 2565 1530 2630 cun

429 2655 580 2723 omnibns
610 2654 755 2742 predicte
787 2664 873 2724 terre
906 2657 1111 2738 utilitatibus,
1139 2656 1354 2742 pertineneijs
1371 2673 1530 2740 seuappeu·

429 2763 534 2852 dicija,
551 2785 622 2832 enm
640 2765 758 2850 quibus
774 2765 879 2850 ipsam
911 2772 1032 2832 terram
1063 2785 1156 2832 suum
1187 2765 1417 2832 Monasterinm
1444 2765 1530 2829 incon·

417 2891 523 2940 cussa
553 2873 665 2939 multis
695 2871 894 2958 temporibus
925 2870 1095 2939 retroactis
1114 2871 1260 2939 noscitur
1275 2870 1527 2958 possediasqipse

406 2980 553 3072 ¹tibbas,
569 2987 719 3063 totusque
740 2979 883 3048 eiusdem
904 2979 1088 3046 Conuentus
1120 2979 1275 3062 Magistro
1306 2978 1437 3046 Nicolao
1463 2973 1528 3043 socio

429 3092 539 3154 nostro
570 3093 602 3154 et
618 3089 852 3173 concanonico,
868 3093 903 3154 et
918 3085 1073 3154 Michaeli
1090 3085 1184 3153 fratri
1200 3085 1359 3172 eiusdem,
1376 3083 1528 3152 eorundem·

430 3213 491 3276 que
523 3193 766 3280 posteritatibus
799 3201 830 3259 et
861 3195 1091 3278 posteritatem
1131 3194 1376 3263 successoribus
1413 3209 1464 3278 pro
1487 3205 1530 3254 ser

430 3301 548 3368 marcis
580 3299 635 3367 fini
668 3301 796 3385 argenti
827 3301 897 3368 iure
927 3308 1083 3388 perpetuo
1114 3302 1351 3388 condidissent,
1377 3299 1529 3377 dictamque

430 3411 567 3494 pecunie
583 3411 798 3494 quantitatem
815 3409 899 3475 idem
921 3408 1034 3476 Ahbas
1052 3430 1073 3476 a
1088 3410 1244 3494 Magistro
1271 3409 1408 3478 Nicolau
1435 3412 1463 3471 et
1485 3400 1528 3466 bli-

429 3515 543 3584 cbaele
576 3517 675 3585 tratre
706 3538 765 3586 suo
782 3520 961 3605 prenotatis
987 3518 1154 3586 consessus
1180 3518 1287 3586 extitit
1311 3537 1348 3585 se
1373 3516 1529 3594 dictumque

422 3622 617 3708 Monssterij
660 3626 862 3692 conuentum
894 3625 1041 3710 plenarie
1075 3627 1250 3713 recepisse,
1266 3633 1300 3693 et
1330 3625 1363 3693 in
1402 3622 1529 3690 alimenta

433 3731 671 3816 monachorum,
689 3731 869 3800 subsidium
886 3751 1076 3820 pauperum,
1094 3752 1134 3800 ac
1151 3734 1275 3800 ruentis
1287 3729 1464 3814 monasterii
1477 3725 1531 3792 lab

428 3838 495 3906 rice
520 3839 943 3926 restauracionem‘prouide
959 3843 1168 3926 conuertisse,
1185 3861 1221 3908 se
1237 3860 1379 3926 suosque
1393 3852 1527 3905 successo
1541 3869 1546 3938 p

428 3965 480 4013 res
497 3953 530 4011 et
546 3952 647 4012 totum
679 3947 729 4015 sui
759 3949 946 4034 blonasteuij
979 3949 1182 4015 conuentum
1214 3946 1389 4034 obligando
1414 3941 1546 4026 firmitas}

428 4051 618 4136 Magistrum
636 4053 807 4121 Nicolaum
825 4062 857 4122 ct
871 4055 1063 4122 Michaelem
1082 4055 1213 4122 fratrem
1240 4053 1383 4122 eiusdem
1413 4025 1546 4122 omnem-l

427 4179 491 4243 que
507 4160 650 4244 ipsorum
661 4162 872 4247 propaginem
892 4163 962 4228 iure
978 4161 1176 4230 hereditario
1193 4162 1316 4230 eisdem
1333 4158 1526 4229 succedentem
1542 4133 1546 4276 Ι

427 4268 461 4334 iu
491 4267 657 4354 sepedicto
687 4274 771 4336 torre
801 4271 1008 4356 possessione
1040 4269 1177 4357 pacifica
1208 4287 1411 4355 conseruare,
1443 4271 1471 4332 et
1494 4257 1524 4324 ab

417 4375 577 4443 omnibus
607 4394 704 4462 super
735 4376 794 4442 illa
824 4397 978 4462 processu
1010 4385 1190 4463 temporum
1220 4397 1348 4446 mouere
1364 4369 1522 4444 conantibus

429 4479 642 4566 questionem,
659 4482 813 4568 expedire
829 4483 969 4572 propuijs
988 4483 1157 4552 laboribus
1174 4489 1207 4551 et
1238 4483 1410 4570 expensis,
1428 4473 1521 4564 punct

418 4592 655 4661 renunciantes
685 4589 880 4680 accionibus,
913 4591 1077 4677 nichilque
1107 4593 1187 4662 iuris
1218 4593 1282 4662 sibi
1309 4599 1341 4662 et
1367 4609 1424 4661 suo
1437 4585 1533 4655 lione.
