3190 5190
820 370 980 466 ,20-

334 557 415 648 ·bris,
445 561 548 648 Regni
573 571 682 628 autem
697 562 800 628 nostri
816 583 901 629 anno
917 562 1031 628 toreio.
1049 561 1299 631 Venerabilibus
1315 562 1466 648 patribus

328 668 500 757 Stephano
526 668 706 751 colocensi,
722 676 755 736 et
787 665 936 738 lohanne
969 669 1156 756 spalatensi
1188 667 1464 755 Arohiepiseopis,

336 779 511 863 Lamperto
540 775 705 865 Agriensi,
730 775 855 845 Brieeio
872 774 1105 861 Chanadiensi,
1121 775 1185 844 Job
1201 775 1467 861 Quinqueeelesi-

335 885 417 970 ensi,
447 883 590 970 Phillipo
621 883 786 954 Waeiensi
818 883 892 952 aule
922 883 1054 951 domine
1085 883 1210 969 Regino
1249 882 1467 965 Ganeellario,

335 993 437 1062 Paulo
468 993 713 1079 Wesprimiensi
743 995 819 1062 aule
850 998 959 1061 nostre
989 992 1204 1081 Oaneellario,
1228 992 1387 1080 'l'ymoteo
1402 992 1466 1061 Za·

337 1099 512 1188 grabiensl,
526 1099 717 1168 Lodomerio
732 1099 949 1185 waradiensi,
966 1099 1113 1168 Dionisio
1139 1099 1303 1170 lauriensi
1319 1105 1351 1169 et
1366 1100 1466 1168 Petro

338 1207 573 1275 'l'ranssiluano
589 1207 763 1293 Episeopis
783 1208 948 1275 Ecclesiae
965 1205 1026 1274 Dei
1043 1205 1179 1275 ielioiter
1194 1207 1456 1292 gubernantibus

336 1313 486 1382 Rolando
502 1315 655 1382 Palatino
665 1315 823 1383 etludiee
844 1316 1067 1401 comanorum,
1084 1314 1234 1382 Dionisio
1249 1315 1342 1383 Banu
1358 1317 1467 1384 tocius

336 1421 519 1508 Solanonie,
550 1421 679 1490 Matheo
695 1421 865 1510 Woyuoda
889 1421 1124 1490 'ltanssiluano
1141 1421 1266 1489 Gemite
1281 1420 1322 1490 de
1336 1421 1465 1510 zonas,

335 1531 445 1617 Emey
460 1529 574 1599 Judioe
589 1528 686 1599 eurio
701 1539 822 1618 nostre,
849 1529 971 1599 comite
987 1528 1028 1596 de
1051 1529 1224 1611 Zathmar;
1248 1530 1365 1616 ligidio
1398 1531 1468 1598 Ma-

334 1639 436 1723 gistro
459 1640 724 1708 Tawarnieorum
755 1651 950 1718 nostrorum,
965 1639 1100 1706 Nleolao
1116 1636 1274 1723 Magistro
1289 1639 1465 1705 Pineema·

335 1766 406 1811 rum
423 1753 613 1832 nostrorum,
630 1749 725 1815 Petro
741 1749 899 1831 Magistro
916 1747 1104 1831 Agasonum
1121 1751 1303 1814 nostrorum
1336 1747 1466 1815 Gemite

327 1852 624 1939 Zolgageuriensi3
659 1861 691 1920 et
721 1853 798 1940 alijs
830 1873 927 1938 quam
958 1852 1103 1941 pluribus
1145 1851 1325 1921 Comitatus
1358 1853 1465 1936 Regni

334 1963 519 2030 tenentibus
536 1969 568 2029 et
583 1961 731 2030 honores.

317 2143 451 2219 'lRobert
469 2159 577 2238 Raroly
591 2160 743 2226 lrirdlynalr
768 2165 844 2213 1324.
865 2161 1003 2214 »seeundo
1017 2161 1087 2229 ydus
1100 2161 1188 2226 Maij‹
1201 2161 1336 2228 Magister
1355 2161 1464 2214 Johan-

334 2267 382 2304 nes
404 2251 479 2301 lilius
498 2250 647 2317 Laureneij
660 2251 730 2302 dieti
743 2253 777 2302 de
790 2251 929 2317 Sopronio
941 2267 999 2316 suo,
1024 2252 1093 2303 item
1105 2251 1307 2318 mgistrorum
1320 2252 1421 2304 Jacobi
1434 2257 1466 2304 et

333 2341 412 2393 Petri
441 2341 616 2393 uterinorum
635 2341 757 2394 fratrum
775 2341 842 2403 eius,
856 2355 889 2392 ae
906 2341 984 2392 Petri
1006 2341 1058 2407 lllij
1085 2341 1198 2394 Nieolai
1216 2341 1314 2394 fratris
1335 2343 1464 2406 ipsorum

333 2432 465 2483 nomine«
479 2431 606 2483 kertsers
626 2431 739 2482 triadott
762 2432 931 2499 megerdsltd
945 2431 1200 2498 privilegiumdbdl,
1227 2431 1342 2483 abudai
1355 2430 1465 2495 kirtlyi

725 2522 855 2575 kamarai
868 2521 1064 2584 leveltdrban.)

858 3397 910 3463 al.

331 3596 355 3658 Ι
358 3594 395 3664 V,
406 3594 526 3662 Ldezld
539 3594 649 3680 ktruty
663 3595 848 3681 maquedatti
863 3591 961 3659 Nilos
991 3592 1144 3677 helysdqat
1176 3591 1334 3677 tdrgyuzd
1365 3593 1460 3675 eajctt

730 3702 944 3788 ndomdnydt.
969 3699 1065 3766 1274.

435 3898 610 3965 Ladizlaus
633 3897 695 3963 Dei
712 3897 824 3982 grania
840 3895 1017 3980 Hungauie,
1032 3892 1210 3979 Dalmaoie,
1232 3889 1378 3974 Orsaeie,
1395 3889 1461 3956 Ra·

330 4025 390 4092 me,
406 4007 528 4090 Seruio,
545 4004 696 4086 Gallieie,
728 4002 929 4086 Lodomerie,
964 4003 1121 4071 Cumanie
1151 3997 1373 4084 Bulgarieque
1388 3999 1461 4064 Rex

328 4112 476 4181 omnibus
508 4117 675 4196 presentes
706 4110 833 4178 litteras
865 4108 1060 4198 inspecturis
1090 4106 1230 4176 salutem
1261 4106 1296 4170 in
1312 4104 1460 4171 omnium

330 4223 504 4289 saluatore.
521 4216 595 4308 (U)t
626 4217 827 4288 eollaoioues
858 4218 985 4302 Regum
1014 4215 1159 4302 legitime
1189 4213 1294 4281 laetas
1324 4210 1461 4294 Regalis

329 4328 546 4396 Sublimitatis
584 4327 796 4414 prouidenoia
827 4346 957 4396 suorum
998 4324 1242 4413 priuilegiorum
1273 4318 1459 4389 testimonio

328 4435 453 4504 muniat
468 4442 501 4503 et
514 4437 688 4521 eonfirmet,
715 4435 843 4522 equitas
875 4433 1000 4520 suadet,
1032 4432 1123 4501 raeio
1153 4429 1307 4518 postulat,
1337 4428 1393 4512 jus
1409 4446 1462 4496 re·

327 4542 444 4627 quirit3
467 4546 637 4631 presertim
654 4564 727 4613 eum
743 4541 777 4612 id
787 4544 1015 4612 inoonoussum
1030 4542 1231 4627 permaneat,
1249 4536 1336 4623 quod
1350 4533 1462 4621 Regni

321 4651 434 4720 ,suerat
448 4650 630 4738 patrocinio
646 4651 890 4720 communitum.
908 4647 1050 4719 Proinde
1064 4647 1108 4717 ad
1133 4647 1357 4715 uniuersorum
1390 4648 1462 4710 tam
