3162 5200
531 345 693 444 Q

1 589 2 616 ;
45 561 105 609 uon
120 539 284 609 semidam
301 538 472 608 caritatem
488 537 577 622 geris
593 538 680 618 circa
712 535 905 622 prosperum
939 546 1059 610 statum
1089 543 1185 610 illins
1298 539 1301 546 ’

1 693 2 727 ;
46 647 204 733 regionis,
231 647 320 714 unde
334 643 494 730 originem
510 643 707 732 produxisti,
738 647 848 713 oculos
866 647 1042 717 direximus
1058 649 1186 719 mentis

1 782 2 840 3
44 761 162 821 nostre.
178 751 388 840 Quapropter
403 759 470 818 tam
486 749 592 818 eidem
606 751 754 820 Ecclesia
768 753 944 844 Ragusine,
961 755 1052 824 cuius
1068 755 1103 822 in
1119 756 1179 825 hoe

47 861 226 928 utilitatem
266 860 450 927 euidentem
488 857 675 944 specialiter
707 857 917 945 attendimus,
956 882 1054 947 quam
1086 864 1179 948 gregi

1 1006 9 1048 p·
48 968 214 1036 dominico
230 975 368 1054 paterna
390 963 596 1032 intendentes
612 964 787 1050 diligentia
810 967 998 1054 prouidere,
1030 977 1128 1054 teque
1158 991 1180 1038 a

1 1094 2 1143 3
48 1076 192 1160 vinculo,
224 1093 291 1157 quo
321 1072 488 1140 tenebaris
503 1071 656 1139 astrictus
671 1070 777 1139 eidem
794 1072 1005 1143 'l'ribnuiensi
1021 1078 1185 1168 Ecclesia,

1 1186 2 1202 ³
47 1184 87 1251 de
102 1183 244 1250 fratrum
260 1189 448 1250 nostrornm
466 1179 603 1247 oonsilio
618 1180 837 1268 absolucnles,
853 1201 893 1248 ao
908 1180 950 1250 de
965 1203 1107 1268 persona
1122 1193 1179 1254 tua

46 1290 156 1358 eidem
171 1290 344 1374 Ragusine
357 1285 504 1356 Ecclesie
519 1285 740 1373 procidentes,
772 1295 804 1354 te
818 1287 863 1354 ad
877 1289 983 1374 ipsam
1013 1293 1186 1360 transferi-

48 1418 120 1464 mus
138 1398 183 1464 de
198 1396 386 1484 Apostolice
403 1395 606 1482 plenitudine
621 1395 805 1482 potestatis,
826 1399 1018 1466 transeundi
1032 1400 1077 1466 ad
1092 1419 1182 1488 sepe·

1 1538 2 1574 t
47 1507 172 1572 dietam
188 1488 390 1589 Ragnsinam
406 1502 586 1570 Ecclesiam
601 1501 661 1569 tibi
677 1501 814 1570 liberam
825 1500 992 1572 licentiam
1003 1507 1182 1575 coneeden-

1 1606 2 1632 ³
50 1620 117 1693 tee;
140 1610 256 1678 Pallen
271 1609 435 1696 videlicet,
460 1609 547 1692 quod
564 1615 614 1677 est
629 1609 760 1692 insigne
774 1609 970 1694 pontificalis
986 1609 1095 1701 officij,
1120 1614 1181 1682 tibi

1 1777 2 1780 ,
47 1717 281 1786 nichilominus
298 1718 485 1800 assignato;
510 1717 602 1782 firma
626 1714 715 1782 ducti
732 1713 862 1804 fiducia,
888 1717 973 1800 quod
998 1722 1044 1805 tn,
1077 1721 1183 1805 quiin

50 1827 230 1894 commisso
244 1823 304 1891 tibi
320 1823 534 1910 Episcopatus
550 1822 656 1890 olfieio
672 1823 829 1890 hactenus
844 1821 982 1892 fideliter
998 1832 1032 1893 et
1061 1826 1188 1896 utiliter

1 1976 2 1981 =
49 1933 174 2000 diceris
190 1932 407 2016 ministrasse,
423 1931 465 1998 de
480 1931 603 1998 talento
618 1931 679 1997 tibi
704 1929 826 1996 credito
845 1937 1011 2015 prestante
1043 1932 1182 2002 Domino

1 2117 2 2120 Ἴ
51 2040 182 2109 talenta
197 2036 322 2104 referas
337 2037 475 2124 potiora.
515 2039 682 2122 Rogamus
698 2038 810 2122 itaque
826 2036 1065 2107 fraternitatem
1095 2047 1189 2108 tuam

1 2129 2 2194 ἶ
51 2156 86 2215 et
102 2147 273 2214 hortamur
288 2152 413 2214 attente
438 2165 496 2230 per
521 2145 712 2230 Apostolica
742 2144 802 2211 tibi
833 2145 955 2231 scripta
984 2146 1190 2233 mandantes,

53 2263 219 2340 quatenus
236 2253 280 2320 ad
294 2251 456 2338 prelatum
471 2253 653 2319 Ecclesiam
683 2251 899 2338 Ragusinam,
929 2253 1024 2320 cuius
1053 2255 1188 2339 plenam

51 2359 372 2430 administrationem
383 2359 418 2426 iu
433 2359 658 2446 spiritualibus
676 2362 709 2426 et
723 2359 958 2442 temporalibus
975 2358 1035 2426 tibi
1044 2363 1188 2430 commit

53 2470 164 2552 timus,
196 2486 269 2532 cum
286 2465 490 2552 plenitudine
505 2470 616 2532 nostre
632 2463 869 2533 benedictionis
899 2465 1075 2552 accedens,
1108 2487 1188 2552 erga

53 2576 146 2643 illius
163 2592 276 2640 curam
293 2579 326 2639 et
341 2575 488 2656 regimen
504 2573 553 2638 uic
568 2578 601 2638 te
616 2571 816 2639 fructuosum
832 2570 952 2638 reddas
962 2578 995 2638 et
1004 2573 1188 2658 sollicitum,

56 2681 144 2768 quod
160 2689 220 2748 tua
236 2680 326 2747 lama
341 2681 465 2748 clareat
480 2701 539 2766 per
555 2679 717 2766 effectum,
734 2681 817 2748 etin
833 2680 1084 2751 delectationem
1092 2683 1188 2752 nobis

57 2790 181 2876 reniet,
197 2796 230 2854 le
245 2787 383 2874 speciali
398 2787 625 2856 benevolentia
647 2787 810 2872 prosequi,
843 2789 972 2873 tuisque
1001 2790 1086 2858 votis
1117 2810 1191 2859 con·

56 2917 175 2983 gruum
190 2895 335 2963 fauorem
360 2895 537 2981 propitium
568 2895 741 2981 impertiri.
780 2895 899 2962 Datum
924 2896 1063 2963 Viterbii
1084 2897 1192 2964 nonis

1 3093 2 3098 ἵ
59 3003 253 3073 Decembris
269 3003 480 3069 Pontificatus
495 3001 597 3069 nostri
613 3021 699 3068 anno
715 3001 830 3087 primo.

1 3278 2 3283 Ἰ
61 3271 65 3276 .
171 3183 219 3250 In
245 3182 428 3250 eundem
452 3183 620 3250 modum
644 3181 860 3268 Capitulo
885 3189 925 3248 et
958 3182 1089 3250 Glero
1121 3185 1192 3254 Ec·

61 3289 473 3374 clesicRagusine.

1 3514 2 3526 χ
172 3434 212 3499 ln
244 3453 387 3518 superna
418 3439 477 3498 ete.
517 3429 640 3519 (verbis
678 3437 897 3515 congruentur
927 3433 1061 3499 mutatis
1093 3453 1198 3518 usque

1 3562 2 3637 j
61 3537 216 3630 potiora.)
241 3542 407 3624 Rogamus
423 3539 534 3622 itaque
549 3537 795 3606 uniuersitatem
811 3545 953 3605 vestram
971 3545 1003 3604 et
1030 3539 1198 3608 hortamur

63 3657 190 3717 attente
207 3667 268 3732 per
282 3646 474 3732 Apostolica
488 3645 584 3714 vobis
600 3647 723 3732 scripte
739 3644 871 3711 firmiter
885 3645 1093 3730 precipiendo
1104 3667 1195 3714 man·

1 3749 2 3837 s
64 3758 196 3842 dantes,
226 3762 390 3840 quatenus
406 3753 528 3821 dictum
544 3753 845 3840 Archiepiscopum,
871 3752 922 3818 cui
948 3753 1079 3838 plenam
1095 3751 1199 3820 admi·

64 3863 294 3932 nistrationem
310 3861 412 3948 ipsius
428 3859 576 3929 Ecclesia
591 3859 758 3946 Ragusiue
773 3860 809 3926 in
825 3857 1049 3945 spiritualibus
1065 3865 1097 3926 et
1119 3865 1198 3926 tem·

1 4038 3 4090 >
63 3969 237 4054 poralibus
253 3967 405 4040 duximus
435 3965 709 4052 committendam,
741 3984 815 4031 cum
846 3963 889 4032 ad
913 3985 971 4032 uos
1002 3964 1199 4052 peruenerit,

1 4098 2 4148 r
67 4078 281 4144 admittentes
297 4075 431 4161 ylariter
447 4081 481 4143 et
495 4075 623 4160 denote,
640 4073 704 4142 sibi
719 4080 874 4156 tanquam
891 4071 978 4159 putri
1009 4077 1042 4139 et
1073 4072 1197 4158 pastori

1 4158 2 4233 Ῐ
65 4172 251 4252 animarum
266 4190 448 4251 vestrarum
463 4181 660 4268 impendatis
676 4178 896 4249 obedientiam
922 4185 955 4246 et
984 4183 1200 4266 reuerentiam

1 4284 2 4301 ¹
68 4291 230 4374 debitam,
256 4291 392 4375 eiusque
417 4287 603 4358 salubribus
618 4288 783 4356 mandatis
797 4285 973 4354 efficaciter
1001 4284 1202 4369 intendatis;

1 4411 2 4422 ²
66 4401 114 4468 ita
131 4399 222 4484 quod
238 4399 310 4484 ipse
325 4397 445 4466 letetur
458 4398 495 4466 in
509 4399 603 4466 vobis
634 4395 818 4465 deuotionis
848 4393 1014 4462 inuenisse
1043 4390 1138 4478 filios,
1169 4397 1202 4458 et

1 4583 2 4586 ,
65 4529 129 4577 ros
141 4509 178 4577 in
195 4526 235 4575 eo
249 4525 311 4594 per
325 4524 527 4592 consequens
543 4513 671 4593 patrem
686 4504 809 4574 habero
841 4501 1034 4572 bonoculum
1058 4498 1203 4586 gaudea-

1 4641 2 4695 3
66 4619 130 4702 tis;
155 4615 303 4702 alioquin
320 4615 515 4688 sententiam
531 4635 630 4702 quam
645 4617 717 4703 ipse
732 4611 843 4682 tulerit
858 4612 892 4679 in
923 4609 1075 4696 rebelles,
1105 4608 1203 4676 facie·

1036 4717 1098 4785 12·
