3160 5200
848 247 1008 346 „rm
1060 327 1065 332 ,

360 435 465 522 indici
480 445 513 506 et
528 439 613 524 parti
629 438 701 508 eins
717 437 864 508 aduersis
882 441 1042 510 satisfecit
1057 440 1100 508 ad
1115 441 1248 526 plenum
1265 441 1471 528 persoluendo,
1531 511 1537 522 ,

363 547 511 633 exeeptis
528 556 668 632 quatuor
683 548 811 635 marcis,
843 569 925 633 quas
941 550 974 615 in
991 548 1165 634 quindenis
1190 548 1302 616 Sancti
1325 549 1473 615 Michaelis

366 654 556 738 archangeli
572 654 676 720 eidem
693 654 824 721 domino
848 654 1012 741 Episcopo
1039 660 1072 722 ct
1095 654 1213 724 (inmiti
1243 653 1370 739 Balngh
1399 655 1476 720 iuxta

368 759 504 829 formam
521 761 660 829 clinnum
675 763 854 828 literarum
887 755 1070 828 nostrarum
1099 760 1225 828 soluere
1257 759 1353 828 debet
1380 780 1474 826 noran

366 869 469 937 nobis.
496 868 589 936 Vnde
605 867 710 936 eidem
725 869 882 953 Magistro
899 867 1057 937 Ccrraldo
1073 889 1144 935 cnm
1162 868 1311 935 omnibus
1327 867 1477 953 premissis

366 975 504 1058 indioijs,
521 974 556 1042 in
572 974 690 1058 quibus
707 974 866 1058 usquead
882 993 1016 1060 presens
1032 979 1245 1062 remanserat,
1261 979 1328 1039 tam
1339 973 1476 1043 innostro

361 1101 464 1165 qnam
496 1080 641 1167 ipsarum
672 1081 884 1148 aduersarum
919 1083 1067 1166 parcium
1098 1080 1315 1166 porcionibus,
1348 1083 1477 1168 exceptis

365 1193 508 1272 xquatuor
524 1188 648 1271 marcis,
665 1187 830 1254 reddimus
847 1207 905 1271 per
922 1187 1031 1254 omnia
1048 1188 1241 1272 expeditum.
1266 1188 1388 1253 Datnm
1404 1188 1478 1254 Bnde

367 1295 507 1380 septimo
523 1293 575 1361 die
591 1291 809 1380 fcsduidatis)
826 1293 1017 1360 Natiuitatis
1050 1291 1197 1376 Uirginis
1230 1291 1379 1360 Glorioso
1407 1315 1479 1362 anno

367 1403 497 1471 Domini
515 1401 634 1470 M⁰CC⁰
650 1403 862 1485 nonagesimo
879 1400 988 1468 tercio.

474 1509 634 1576 Ktvttl:
659 1509 720 1576 Pro
735 1509 891 1592 Magistro
909 1509 1066 1578 Corruldo
1083 1517 1193 1577 contra
1208 1511 1305 1598 Dera,
1332 1509 1480 1577 dominnm

369 1617 564 1704 Episcopum
581 1615 972 1701 Quinqncecciesiensem,
999 1617 1156 1684 Comitem
1187 1616 1316 1702 Balngh
1348 1623 1381 1684 et
1407 1616 1479 1683 alios

367 1743 465 1809 snper
482 1721 692 1810 expedicione
703 1721 912 1806 judiciorum.

362 1923 506 1984 (Eredetie
538 1921 719 1988 borhdrtyam
752 1939 769 1974 a
787 1921 932 1986 ztrpecstt
961 1923 1114 1983 elveszett3
1143 1934 1161 1970 a
1188 1918 1266 1970 mtlt.
1298 1919 1369 1969 bdrd
1397 1919 1479 1983 Βόα]

770 2012 862 2062 esaiad
880 2009 1094 2072 leveltardban.)

800 2297 1065 2306 ——n--n-s---n-—n

895 2824 971 2895 448.

366 3024 428 3091 ιιι.
453 3025 561 3090 nasa
586 3025 763 3111 strapas
788 3025 905 3090 Metto
935 3023 1090 3110 raptas
1120 3024 1281 3108 tarwana
1310 3023 1481 3104 assason

551 3130 747 3196 Herculianas
757 3129 918 3218 pozsosryi
933 3129 1004 3197 otro
1015 3134 1180 3196 asamona.
1204 3129 1303 3196 1294.
1556 3159 1558 3174 ›

473 3324 623 3392 Andreas
654 3324 716 3390 Dei
746 3324 860 3408 gracia
899 3322 1075 3408 Hungaric,
1115 3322 1332 3410 Dalmachye,
1363 3319 1482 3390 mnne
1556 3319 1558 3334 ³

366 3433 476 3520 Reme,
493 3430 617 3520 Serius,
635 3431 782 3514 Callicie,
807 3430 1010 3514 Lodcmerie,
1027 3428 1174 3498 Cominio
1189 3429 1406 3515 Butgarieqtle
1421 3429 1484 3496 sex

361 3542 514 3608 omnibus
546 3538 667 3607 Christi
698 3537 850 3605 fidelibus
867 3545 933 3606 tam
960 3537 1164 3624 presentibus
1180 3555 1277 3621 qnam
1293 3535 1410 3603 foturis
1423 3552 1483 3618 pre
1530 3605 1533 3610 ,

363 3666 440 3715 sens
472 3647 628 3732 scriptum
662 3645 858 3730 inspecturis
900 3645 1041 3713 salutem
1072 3645 1106 3710 in
1137 3645 1280 3720 omnium
1320 3645 1483 3711 saluatore.

365 3757 500 3840 Regiam
516 3753 837 3838 decetMayestatem
853 3751 1004 3837 precibus
1022 3751 1280 3818 condescendere
1296 3749 1484 3819 subditorum

360 3862 493 3948 optatis,
508 3862 622 3928 horum
640 3859 793 3947 maxime,
811 3859 864 3942 qni
892 3860 955 3928 sibi
971 3867 1118 3946 tempore
1148 3867 1306 3944 oportuno
1336 3877 1486 3926 commen-

365 3969 509 4037 dabilem
527 3968 720 4035 famulatum
737 3965 896 4034 instruere
912 3967 1078 4035 fidelitatis
1105 3966 1292 4053 inpendisse
1323 3966 1485 4033 dinoscnn·

361 4085 424 4143 tur.
444 4076 589 4144 Proinde
606 4073 650 4143 ad
668 4076 890 4144 uniuersorum
907 4075 1061 4144 noticiam
1083 4075 1199 4142 harum
1231 4077 1315 4142 serie
1330 4115 1332 4118 v
1345 4074 1485 4141 rcinmns
1544 4085 1549 4095 “

365 4185 543 4269 peruenire,
579 4183 667 4267 quod
682 4183 875 4250 Herculinns
901 4184 1010 4252 fidelis
1026 4184 1157 4251 villicus
1173 4189 1283 4250 noster
1299 4182 1337 4248 de
1353 4179 1485 4248 Ciuitate

362 4291 554 4360 Posoniensi
577 4289 620 4356 ad
637 4297 781 4358 nostram
799 4292 960 4358 accedens
976 4290 1178 4378 presenciam
1196 4289 1358 4374 quandam
1376 4298 1484 4381 terram

363 4407 506 4469 nostram
543 4399 669 4484 Mysser
686 4403 835 4465 uocatam
852 4398 885 4466 in
903 4400 1065 4466 Comitatn
1091 4399 1286 4466 Posoniensi
1302 4398 1333 4463 in
1349 4395 1485 4482 Chatsso

361 4507 427 4574 kur
443 4506 655 4592 existentcim
672 4527 809 4576 saeuam
825 4516 857 4577 et
873 4506 1114 4574 habitatoribus
1140 4506 1328 4576 destitutam
1344 4525 1365 4570 a
1397 4501 1481 4570 nobis
