3096 5202
601 274 666 350 ets

553 371 713 382 *nn—...qun-

13 489 15 534 ;
71 493 135 540 rum
165 469 257 546 iuxta
290 473 393 560 Regni
424 475 691 544 consuetudinem
723 477 937 562 approbatam
970 467 1192 556 sufficientem,

13 609 23 668 ς,
71 587 320 649 eommetaneam
336 589 368 648 et
384 583 525 650 uicinam
541 584 637 651 terris
653 582 805 652 uillarum
822 585 941 674 Penye,
959 585 1112 657 videlieet
1122 595 1193 669 pos-

13 681 15 756 l
70 688 221 758 sessionis
239 686 384 757 eiusdem
401 689 533 758 domine
548 695 580 758 et
595 689 655 775 filij
674 692 736 777 sui,
763 690 928 778 Kisialud,
959 691 1093 780 Siweyn
1123 709 1196 776 pos·

13 791 15 870 ἶ
70 796 218 888 sessionis
247 795 403 882 Magistri
433 797 572 867 Potbrns
604 797 768 882 antedicti,
802 806 834 866 et
864 801 1003 869 aliorum
1027 797 1196 881 nobilium,

13 915 15 978 l
70 905 175 990 boob,
191 903 267 988 Keg
268 903 310 971 be
326 907 545 991 possessionis
562 905 709 974 Eooleaie
740 913 860 992 nostre,
886 913 919 975 et
947 903 1027 976 ville
1057 905 1195 994 Bereyn,

13 1013 218 1100 liegistro
234 1013 377 1081 Pethrns
402 1013 568 1082 antedicto
594 1014 726 1100 suisque
756 1036 815 1100 per
846 1035 920 1084 eum
950 1015 1193 1084 suceessoribns

13 1101 122 1216 [ipro
137 1120 357 1206 quadraginta
372 1123 491 1190 mareis
507 1121 563 1189 dni
579 1122 709 1207 argenti
727 1121 849 1190 habitis
866 1125 962 1209 plene
979 1123 1021 1191 ab
1037 1122 1152 1190 eodem
1163 1126 1196 1187 et

70 1227 209 1316 reeeptis,
225 1229 304 1314 alijs
320 1229 554 1297 nommetaneis
571 1236 604 1297 et
619 1229 735 1298 vieinis
751 1230 1023 1318 permittentibus,
1053 1235 1088 1298 vt
1104 1229 1195 1297 dixe-

13 1377 15 1448 5
70 1341 148 1421 runt,
164 1343 195 1403 et
210 1335 283 1404 sine
300 1337 483 1424 cuiuspiam
498 1335 678 1422 preiudioio
689 1337 918 1405 vendidissent
928 1343 960 1405 et
971 1339 1192 1424 asignasseut,

71 1441 180 1511 saluo
171 1463 242 1511 rure
259 1453 374 1513 nostro
390 1445 560 1533 existente,
577 1465 637 1532 per
652 1445 757 1531 ipsum
774 1445 968 1531 Magistrum
984 1442 1136 1533 Pethrus,
1161 1451 1194 1511 et

13 1499 19 1632 i
71 1547 205 1617 eiusdem
221 1551 363 1622 heredes
378 1553 576 1621 beredumve
593 1571 797 1620 successores
822 1550 1010 1620 habendam
1041 1559 1196 1639 perpetuo

13 1637 16 1712 l
73 1657 390 1744 otinrelragabiliter
405 1659 647 1747 possidendam.
672 1659 940 1746 Assumpmentes
956 1665 989 1728 et
1009 1677 1047 1728 se
1062 1656 1195 1726 firmiter

13 1715 18 1830 i
74 1763 256 1855 obligantes,
274 1767 404 1854 quod'
378 1786 406 1834 sn
422 1787 577 1852 processu
595 1774 773 1853 temporum
790 1765 1196 1862 Magisterl'ethrussepe·
1229 1776 1232 1787 ’

13 1861 16 1956 l
75 1868 170 1940 dietus
199 1876 318 1943 eiusne
348 1895 553 1944 sueeessores
582 1893 679 1961 super
709 1873 859 1960 predicte
888 1873 1098 1998 possessione
1129 1892 1189 1961 per

13 1975 15 2076 l
73 1980 247 2068 quampiam
264 1981 310 2048 de
323 1983 538 2066 generaeloue
553 1982 605 2048 vel
638 1982 839 2066 eognaoioue
868 1979 973 2068 ipsius
1003 1979 1133 2051 domine
1163 1987 1197 2048 et

13 2077 15 2176 ξ
75 2083 134 2154 eins
148 2088 205 2175 filij
223 2089 450 2177 inpeterentur
466 2098 522 2158 aut
538 2089 725 2174 aliqualiter
739 2095 946 2176 vexarentur,
962 2089 1105 2176 exeeptis
1119 2108 1195 2157 ean·

13 2185 15 2244 l
74 2192 112 2259 sis
127 2214 181 2282 per
196 2198 363 2281 quoslibet
379 2199 580 2266 extrinsecus
596 2197 736 2286 orituris,
754 2196 855 2282 ijdem
871 2217 912 2264 ae
926 2196 1075 2284 ipsorum
1090 2201 1195 2284 poete

13 2245 16 2406 μ
74 2300 174 2371 ritates
190 2310 367 2372 teneantur
382 2305 537 2391 expedire
551 2303 693 2392 proprijs
711 2303 877 2372 laboribus
895 2311 927 2370 et
937 2302 1096 2389 expensis.
1110 2305 1196 2371 Mete

76 2415 171 2477 entem
187 2417 220 2479 et
235 2413 368 2482 termini
384 2413 530 2500 predicte
546 2413 763 2499 possessionis
789 2432 811 2478 a
835 2411 931 2480 terris
963 2409 1193 2480 eommetaneis

76 2517 283 2600 predictarum
300 2519 460 2606 uillarum,
492 2521 576 2589 sient
600 2521 694 2588 ambe
724 2527 834 2606 partes
867 2518 962 2588 noble
992 2517 1219 2597 ooneorditer,

13 2625 15 2710 ἶ
77 2625 250 2716 retulerunt,
268 2627 384 2696 taliter
400 2625 619 2712 distinguntur
635 2647 675 2694 ae
702 2633 927 2712 separantur:
960 2625 1082 2712 Inoipit
1107 2627 1195 2693 enim

14 2755 22 2860 Ι
77 2731 169 2814 prima
183 2741 271 2802 meta
288 2753 310 2800 a
326 2741 420 2819 parto
439 2733 613 2818 aquillouis
629 2733 721 2802 iuxta
737 2740 857 2800 terram
873 2732 1012 2801 Fabiani
1043 2731 1104 2818 filij
1136 2731 1194 2799 Pe·

78 2839 134 2904 tud
149 2841 280 2932 Siweyn
308 2847 457 2908 vocatam
483 2859 586 2929 prope
615 2861 737 2927 aquam
768 2839 870 2926 Sear;
896 2849 928 2909 et
958 2838 1035 2910 iude
1066 2857 1206 2926 pregre·

14 2993 15 3008 ι
78 2941 182 3016 diendo
197 2949 293 3017 uadit
309 2948 430 3016 direete
455 2969 528 3016 eum
556 2948 719 3016 continuis
751 2947 836 3039 binis
867 2946 963 3016 metis
994 2944 1039 3013 ad
1068 2951 1196 3032 partem

14 3065 16 3130 ξ
78 3055 266 3138 orientalem,
295 3064 329 3124 et
359 3057 495 3142 attingit
525 3064 645 3125 terram
675 3057 822 3124 Eoelesie
851 3055 1058 3123 Waohiensis
1087 3053 1194 3122 Irwoh

14 3151 17 3244 ζ
79 3163 300 3252 ruadmunt
318 3165 436 3234 mansit
466 3162 629 3248 quendam
660 3163 804 3250 fluuium,
837 3163 893 3247 qui
925 3161 1015 3229 venit
1045 3159 1087 3229 de
1116 3159 1196 3228 villa

14 3263 16 3312 ἵ
79 3268 184 3358 PeuJe,
201 3279 233 3339 et
249 3274 410 3360 percurrit
426 3276 529 3339 totam
547 3271 684 3340 eandem
702 3276 820 3338 terrem
837 3268 956 3336 Adand
972 3288 1031 3355 per
1041 3267 1194 3355 medium,

14 3413 17 3482 J
80 3376 155 3444 eirea
168 3397 261 3462 quem
279 3384 357 3447 sunt
381 3385 478 3463 prata
504 3398 625 3463 magna
656 3384 689 3446 et
719 3377 850 3461 tenete,
874 3374 951 3443 inde
982 3374 1196 3462 progrediens

15 3501 17 3558 Ξ
80 3483 232 3566 paululum
248 3485 295 3553 ad
310 3484 447 3555 eandem
473 3496 603 3570 partem
630 3483 820 3552 orientalem
851 3481 1001 3552 aseendit
1033 3479 1195 3567 quendam

15 3591 17 3642 ἱ
80 3599 218 3681 montem,
235 3596 329 3668 iuxta
344 3613 438 3680 quem
455 3600 533 3662 sunt
548 3594 612 3662 due
627 3593 742 3679 ualles,
766 3592 800 3658 in
816 3613 881 3678 qno
897 3595 1005 3658 monte
1020 3609 1079 3677 per
1094 3587 1198 3674 longi·

81 3699 211 3769 tudinem
226 3703 355 3771 directe
371 3700 579 3788 peragrando
596 3700 745 3787 peruenit
760 3701 804 3768 ad
819 3706 941 3770 terram
957 3698 1036 3766 ville
1066 3695 1195 3783 Keghe,

15 3811 17 3882 ζ
82 3810 306 3888 pressionem
323 3809 468 3879 Eeelesie
484 3815 604 3897 nostre,
619 3809 675 3877 ubi
691 3814 767 3876 eunt
791 3809 853 3875 dne
884 3812 969 3874 mete
999 3803 1196 3890 angularesJ
1298 3807 1305 3816 ·

15 3929 16 3932 ’
83 3921 184 3994 postea
198 3913 372 3986 redeatitur
387 3915 430 3984 ad
446 3923 573 4002 partem
589 3914 846 4002 meridionalem,
876 3921 908 3981 et
933 3911 1027 3979 iuxta
1057 3909 1196 3977 eandem

15 4027 17 4110 J
83 4021 187 4089 terram
204 4025 318 4110 Keghe
334 4024 553 4112 percurrendo
568 4042 639 4091 oum
657 4021 821 4091 continuis
837 4019 930 4087 metis
945 4017 1038 4086 vadit
1063 4015 1106 4084 ad
1131 4024 1194 4084 ter·

15 4207 16 4214 ¹
85 4144 144 4195 ram
158 4151 273 4217 magne
287 4131 365 4200 ville
380 4133 519 4219 Bereyn,
535 4129 590 4200 vbi
608 4135 683 4198 sunt
699 4127 763 4198 due
779 4135 863 4196 mete
879 4125 1031 4196 similiter
1056 4125 1194 4209 angula-
1304 4162 1305 4166 =

15 4253 17 4260 ’
86 4253 148 4322 resJ
168 4240 244 4307 indo
258 4243 374 4309 iterum
388 4241 528 4310 fleotltur
542 4241 586 4308 ad
602 4245 728 4326 partem
760 4236 1007 4320 oeoidentalem,
1037 4240 1071 4304 et
1102 4233 1197 4300 luxte

16 4347 18 4424 j
87 4345 207 4414 eandem
222 4355 343 4416 terram
357 4348 438 4416 ville
454 4348 581 4436 Bereyn
612 4344 778 4430 vergendo
809 4363 882 4413 oum
915 4341 1081 4412 eontinuis
1111 4339 1198 4410 binis

16 4447 18 4464 ”
87 4452 170 4519 metis
198 4456 285 4523 uenit
313 4453 356 4522 ad
380 4461 500 4522 terram
530 4453 609 4522 ville
639 4453 756 4540 Peuye,
785 4450 1023 4538 possessionem
1055 4445 1199 4516 eiusdem

16 4553 18 4636 l
89 4553 203 4629 domine
216 4568 248 4631 et
262 4562 424 4632 lobannis
438 4561 495 4654 filij
514 4560 565 4628 sui
581 4559 746 4648 antedioti,
762 4557 818 4626 ubi
835 4559 939 4628 esiam
956 4565 1033 4626 sunt
1042 4553 1105 4622 due
1114 4561 1199 4626 mete

16 4677 17 4688 ‘
1024 4659 1086 4732 18*
