3190 5190
885 421 927 482 rt

338 605 382 674 ad
398 608 635 678 deaastandum
666 611 796 679 stiriam
812 611 1063 699 transmisisset;
1087 613 1176 681 idem
1193 613 1390 704 Obepbanus
1410 621 1478 688 sub

339 722 446 785 castro
476 716 637 804 Rudguey
668 716 875 786 cernentibus
907 719 1088 805 prenotatis
1104 721 1287 789 Batonibus
1304 722 1470 809 quendam

339 824 474 892 militem
488 833 655 893 strenuum
671 824 907 894 Theotonioum
925 826 1044 895 deiecit
1060 832 1093 892 et
1108 828 1300 914 eaptinauit,
1326 832 1473 916 prebens

338 934 373 1000 in
390 933 451 1028 hoo
482 934 560 1019 alije
592 931 747 999 fidutiam
777 931 949 1018 preliandi·
969 933 1123 1003 Pretorea
1139 955 1210 1001 oum
1227 935 1314 1004 idem
1329 939 1469 1006 Boemo-

338 1061 408 1108 rum
440 1043 508 1108 Rex
540 1049 617 1109 tuno
647 1040 751 1126 patris
782 1039 884 1108 nostri
914 1061 1002 1109 nuno
1032 1049 1142 1109 autem
1172 1050 1285 1112 noster
1316 1046 1476 1129 eapitulis

338 1145 496 1234 inimious,
528 1145 625 1213 fidem
650 1166 744 1214 suam
764 1144 941 1214 deserendo
961 1147 1086 1215 violata
1106 1168 1198 1235 paee,
1215 1149 1328 1218 fraotis
1344 1153 1474 1236 treugis

337 1262 369 1322 et
384 1255 488 1341 ruptis
504 1255 682 1339 juramenti
698 1254 748 1322 sui
779 1254 928 1340 vinculis,
964 1254 1085 1324 doeens
1117 1277 1227 1326 seeum
1243 1258 1278 1324 in
1310 1258 1472 1326 auxilium

337 1362 507 1448 Prinoipes
537 1363 642 1430 tooius
670 1361 875 1445 Alamannia,
907 1362 989 1430 fines
1005 1363 1109 1449 Regni
1134 1364 1305 1448 Hungarie
1319 1365 1471 1452 adiisset,

339 1468 515 1539 Posonium
531 1474 563 1535 et
579 1469 719 1555 quedam
736 1470 806 1538 alia
836 1475 945 1536 eastra
976 1490 1017 1537 ex
1048 1470 1235 1556 prodioione
1267 1471 1473 1556 quorundam

339 1579 502 1647 Beronum
534 1576 711 1645 infidelium
737 1576 937 1665 oooupando,
954 1577 1105 1663 idemque
1120 1585 1214 1662 pater
1230 1583 1341 1646 noster
1356 1586 1472 1647 eontra

339 1707 411 1754 enm
446 1686 550 1772 Regni
591 1686 643 1754 sui
683 1688 827 1755 leuasset
866 1688 1044 1753 exereitum
1084 1690 1280 1773 generalem,
1321 1686 1477 1771 prelatus

340 1796 513 1882 Gbepanus
544 1793 632 1882 apud
657 1795 850 1880 Musunium,
868 1801 900 1861 et
916 1802 991 1880 post
1006 1796 1068 1864 boo
1084 1795 1172 1882 apud
1188 1797 1320 1864 fluuium
1337 1796 1469 1864 Rebohe

339 1910 454 1971 eontra
469 1904 558 1972 illius
575 1903 750 1972 exereitum
766 1924 851 1971 nune
866 1904 963 1970 basta
979 1923 1063 1969 nuno
1094 1904 1225 1987 sagittis
1255 1903 1470 1972 laudabiliter

340 2009 499 2077 dimioans
531 2010 725 2078 victoriosus
756 2009 873 2096 extitit,
906 2010 1021 2078 letalia
1035 2009 1158 2078 wlnera
1191 2007 1389 2096 sustinendo,
1421 2013 1473 2076 ita

340 2118 427 2201 quod
442 2136 500 2202 per
515 2117 603 2186 illius
619 2123 652 2184 et
667 2117 805 2183 aliorum
819 2115 963 2184 fidelium
982 2123 1165 2186 nostrorum
1197 2116 1346 2183 sudorem
1376 2115 1469 2182 belli·

339 2245 411 2293 oum
444 2225 588 2312 profatus
619 2224 752 2293 Boemie
783 2226 852 2292 Rex
885 2223 926 2292 de
944 2245 1023 2292 area
1040 2226 1240 2312 certaminis,
1268 2244 1365 2309 quam
1380 2223 1470 2310 patri

339 2339 449 2400 nostro
465 2332 545 2400 felix
560 2332 697 2417 reliquit
709 2331 859 2420 viatoria,
871 2333 950 2418 luge
968 2331 1110 2420 presidio
1141 2331 1198 2399 uix
1231 2331 1345 2404 euasit
1377 2332 1471 2398 Gete-

337 2461 408 2506 rum
440 2460 513 2506 oum
545 2441 699 2508 Herrious
730 2440 841 2507 Barrus
873 2440 978 2521 tooiqs
998 2439 1173 2509 Solanonie
1190 2445 1265 2526 post
1281 2437 1471 2508 eoronaoio·

338 2567 413 2613 nem
429 2546 532 2634 patris
547 2547 652 2615 nostri
668 2568 727 2634 per
743 2544 947 2631 quorundam
967 2547 1143 2614 emulorum
1175 2566 1310 2616 suorum
1339 2543 1470 2632 pestile-
1588 2557 1592 2565 ·

342 2671 410 2738 ram
428 2654 669 2740 suggestionem
686 2661 858 2738 superatus
873 2658 906 2719 et
921 2673 942 2719 a
957 2652 1183 2720 familiaritate
1194 2675 1234 2721 ao
1250 2654 1345 2720 domo
1360 2652 1477 2736 Regia.

337 2768 531 2847 segregatus
548 2779 584 2828 se
608 2759 652 2828 ad
682 2759 845 2848 prelatum
876 2760 1070 2827 Boemorum
1102 2761 1223 2846 Regem
1255 2758 1470 2846 oorporaliter

336 2866 567 2954 transtulisset,
602 2872 710 2936 eastra
740 2887 808 2954 sua,
840 2867 881 2934 de
921 2867 1034 2952 Kuzeg
1075 2865 1238 2954 videlieet,
1280 2866 1476 2954 Soentwyd,

336 2975 489 3043 Zlaunulr
506 2981 538 3043 et
552 2974 730 3061 Perostyen
755 2973 907 3042 manibus
935 2974 1035 3059 Regis
1068 2974 1214 3042 eiusdem
1246 2973 1469 3059 assignando;
1520 3061 1538 3076 .

336 3084 409 3168 ipse
425 3083 598 3170 Obepanus
615 3085 649 3150 in
665 3082 915 3169 recuperacione
941 3089 1120 3150 austrorum
1150 3083 1254 3169 ipsius
1287 3081 1415 3150 Herrioi
1431 3082 1467 3148 in

336 3191 491 3258 sooietate
507 3189 669 3258 Baronum
686 3196 875 3274 nostrorum,
906 3209 985 3274 quos
1000 3187 1085 3256 idem
1101 3188 1249 3258 dominus
1272 3191 1343 3258 Rex
1372 3195 1471 3276 pater

337 3303 447 3364 noster
478 3296 558 3362 inibi
588 3303 744 3378 tanquam
776 3295 935 3364 exereitus
966 3297 1018 3363 sui
1049 3296 1199 3364 ductores
1225 3295 1465 3380 transmiserat,

336 3409 463 3486 gratum
480 3401 564 3469 adeo
584 3410 713 3484 ebenus
737 3401 896 3489 impendit
927 3402 1095 3471 fidelitatis
1125 3403 1325 3488 obsequium,
1355 3408 1392 3468 vt
1406 3421 1469 3488 par

337 3510 441 3596 ipsius
472 3509 657 3579 stallorum
688 3510 833 3579 fidelium
865 3519 1051 3582 nostrorum
1070 3518 1163 3579 aotus
1190 3519 1338 3580 strenuos
1354 3515 1468 3578 eastra

337 3617 520 3686 huiusmodi
536 3617 690 3704 potestati
706 3619 811 3702 patris
834 3618 937 3685 nostri
964 3619 1094 3685 luerunt
1117 3619 1276 3686 restituta.
1316 3616 1369 3683 Ad
1400 3617 1467 3686 beo

336 3734 411 3811 post
451 3724 618 3794 deoessum
650 3725 751 3811 patris
780 3727 882 3793 nostri
913 3725 1007 3792 nobis
1046 3725 1090 3792 ad
1130 3725 1289 3792 Coronam
1327 3725 1465 3810 Regiam
1587 3720 1592 3729 '

338 3840 370 3898 et
385 3833 492 3918 Regni
508 3833 626 3902 solium
658 3851 717 3917 per
746 3833 980 3900 suooessionem
996 3832 1226 3900 hereditariam
1242 3851 1300 3901 seu
1315 3831 1467 3900 ordinem

335 3942 485 4024 geniture
501 3946 664 4008 annuente
680 3940 822 4008 Domino
838 3941 1034 4022 sublimatis,
1052 3938 1140 4008 idem
1163 3939 1377 4008 Bobemorum
1393 3941 1466 4008 Rex

298 4107 302 4115 r
336 4055 509 4116 autumans
540 4067 599 4115 nos
615 4051 650 4114 in
666 4053 753 4114 etate
769 4053 884 4115 tenera
916 4048 1108 4116 constitutos
1127 4066 1186 4133 per
1201 4045 1316 4116 fideles
1332 4051 1464 4116 nostros

336 4175 400 4221 non
416 4173 512 4241 posse
527 4153 703 4243 defensari,
722 4153 803 4222 fines
828 4161 987 4222 terrarum
1021 4160 1201 4220 nostrarum
1234 4152 1351 4240 spolijs
1366 4161 1399 4221 et
1414 4153 1464 4219 in-

336 4262 460 4347 oendiJs
490 4261 623 4330 feoisset
653 4262 829 4347 deuastari,
860 4280 984 4347 nosque
999 4261 1040 4329 do
1056 4261 1235 4329 olemenoia
1249 4261 1387 4348 snmpmi
1404 4281 1466 4346 pa-

335 4369 401 4448 tris,
418 4374 451 4437 in
468 4373 560 4439 ouius
577 4391 673 4438 manu
690 4370 934 4457 Prinoipatuum
960 4376 1138 4456 potestates
1154 4375 1186 4434 et
1203 4368 1348 4434 omnium
1378 4368 1470 4452 Reg-

334 4495 448 4543 norum
477 4477 554 4561 Jura
584 4478 772 4562 consistunt,
804 4477 915 4544 contisi
944 4477 1109 4544 Matheum
1127 4476 1263 4562 Banum,
1282 4473 1465 4544 Omodenm

335 4581 442 4649 Castri
460 4584 580 4668 Penei,
609 4584 799 4670 Magistrum
832 4584 1013 4651 iohannem
1045 4582 1276 4666 Zaladiensem
1308 4586 1385 4647 tuno
1401 4581 1466 4650 Go-

335 4690 440 4775 mites,
472 4710 512 4757 ao
543 4690 712 4758 Nicolaum
745 4693 901 4759 Comitem
932 4694 970 4758 de
1003 4693 1103 4772 Zona,
1136 4710 1196 4756 neo
1223 4708 1288 4756 non
1306 4694 1338 4753 et
1352 4689 1469 4773 ipsum
