3162 5200
797 359 984 456 gro-1

315 555 444 642 phanus
462 553 547 622 filius
562 549 721 638 Stephani
746 551 786 619 de
816 553 930 622 eadem
962 550 1110 618 Nadaser
1134 550 1278 636 legitime
1310 548 1440 618 eitacio-

316 665 367 731 nis
383 662 510 730 modurn
527 661 731 730 obseruando
747 661 946 746 Stephanum
963 659 1064 726 filium
1081 659 1240 726 iohannis
1267 659 1309 726 de
1340 656 1440 724 Zork-
1570 705 1574 715 .

314 771 415 838 lalwa
431 770 473 838 ad
489 777 612 838 eertum
629 769 800 836 terminum
819 774 961 836 nostram
978 769 1010 834 iu
1027 769 1228 852 presenciam
1246 766 1280 834 in
1306 785 1441 832 oausam

216 959 221 966 ,
290 886 292 896 '
317 877 503 964 attrixisset,
520 885 552 944 et
569 879 642 964 ipsa
657 897 756 945 eausa
773 874 943 945 abeodem
961 882 1048 943 certo
1064 876 1202 943 termino
1227 873 1272 940 ad
1303 881 1440 942 octauas

316 986 392 1054 festi
409 986 503 1054 Beati
521 984 653 1071 Georglj
672 985 814 1054 martiris
830 987 862 1053 in
880 1005 967 1053 anuo
984 989 1149 1052 transacto
1175 985 1346 1070 preteritas
1371 1003 1444 1068 pro·
1481 969 1487 979 ’

313 1097 466 1178 rogatiue
482 1095 668 1164 deuenisset
685 1121 692 1159 :
710 1094 842 1161 taudem
860 1094 942 1179 ipsis
958 1095 1083 1161 oetauis
1100 1092 1332 1160 adherentibus
1358 1091 1443 1158 llar-

285 1189 289 1198 ’
315 1203 403 1270 tinus
419 1201 506 1269 filius
521 1199 681 1271 Johauuis
697 1221 756 1288 pro
772 1201 927 1270 annotalo
944 1199 1111 1288 Stephano
1128 1200 1195 1268 lilio
1213 1199 1369 1288 Stephani
1379 1199 1444 1266 sl-b.

317 1314 350 1378 in
367 1309 689 1390 nostramveniendo
704 1309 909 1396 presenciam
936 1310 1097 1376 racionem
1129 1309 1284 1396 premisse
1315 1313 1443 1376 contra-

318 1418 456 1486 dictorie
470 1416 678 1487 iuhibieionis
695 1420 958 1503 percunctatum
974 1415 1176 1502 Stephanum
1194 1414 1296 1484 tilium
1321 1415 1446 1483 lohan-

316 1529 368 1595 nis
383 1526 548 1610 assignari
565 1525 741 1612 postulauit
757 1547 866 1594 eoram
883 1524 987 1592 nobis.
1012 1522 1082 1602 Quo
1098 1530 1251 1610 percepto
1274 1522 1446 1592 lohannes
1580 1578 1581 1581 ,

316 1630 427 1720 Kissyl
444 1654 502 1720 pro
520 1634 632 1702 eodem
649 1633 816 1718 Stephano
831 1631 900 1699 filio
916 1631 1076 1716 Johanuis
1094 1632 1153 1700 stb.
1172 1636 1317 1699 nostram
1348 1649 1446 1697 exur-

316 1744 424 1827 gendo
439 1745 473 1810 in
489 1743 693 1829 presenciam
708 1740 922 1829 responderat
939 1761 979 1808 ex
994 1741 1144 1827 aduerso,
1177 1740 1262 1826 quod
1294 1747 1445 1826 tempore

317 1850 474 1935 premisse
491 1850 744 1936 possessionarie
770 1849 1045 1917 reambnlaciouis
1076 1851 1224 1936 prelatus
1254 1848 1443 1934 Stephanus

317 1959 403 2025 lilius
419 1957 583 2025 Johannis
613 1979 670 2045 pro
704 1979 741 2025 eo
774 1958 906 2026 lecisset
937 1955 1190 2044 prohibicionem
1223 1961 1447 2042 prenotatam,

317 2063 395 2150 quia
411 2071 585 2132 annotatus
601 2065 786 2152 Stephanus
802 2065 886 2133 filius
903 2064 1063 2150 Stephani
1079 2066 1339 2151 perpremissam
1350 2082 1446 2130 suam

317 2171 610 2258 possessionariam
625 2172 922 2241 reambulaeionem
938 2179 970 2238 et
985 2179 1143 2240 metarum
1160 2173 1360 2238 ereccioueuu
1376 2191 1447 2236 ma·

317 2301 414 2366 guam
430 2288 556 2364 partem
573 2287 655 2346 terre
672 2280 757 2346 dicte
782 2275 996 2366 possessionis
1028 2277 1218 2347 Zorhlalwa
1248 2279 1445 2363 occupatine

319 2385 500 2454 addictam
520 2389 757 2470 possessionem
773 2409 866 2456 suam
882 2387 1050 2456 Nadasser
1081 2387 1249 2475 applicare
1279 2386 1448 2474 voluisset,

318 2495 390 2581 ipse
404 2501 512 2561 autem
529 2495 714 2582 Stephanus
723 2497 811 2564 lilius
824 2496 984 2564 Johannis
993 2517 1091 2583 super
1100 2495 1229 2582 prelata
1238 2495 1449 2582 possessione

320 2623 380 2671 sua
392 2603 585 2678 Zorkfalwa
602 2604 728 2674 litteras
744 2604 879 2674 haberet
895 2605 1044 2674 efficaces
1061 2604 1094 2672 in
1126 2607 1265 2673 termino
1297 2604 1448 2672 ulteriori

320 2731 428 2780 eoram
445 2712 539 2780 uobis
554 2713 767 2783 exhibendas.
793 2713 886 2781 Vnde
902 2715 961 2782 stb.
980 2711 1031 2800 (en
1048 2713 1338 2798 elhalaroztatvau,
1363 2733 1379 2779 s
1404 2733 1449 2778 az

318 2829 386 2906 dgy
401 2820 554 2888 tbbbszlir
579 2820 855 2909 elhalasztatvan)
887 2821 1019 2889 tandem
1050 2819 1286 2909 (presentibus)
1318 2821 1449 2888 octauis
1578 2815 1581 2905 J

319 2928 412 2995 Beati
426 2927 542 2995 Jacobi
560 2928 706 3014 Apostoli
737 2931 933 2996 instantibus
957 2931 1104 2996 Andreas
1129 2928 1214 2996 lilius
1245 2929 1354 3016 Obepe
1384 2951 1449 3013 pro

315 3037 391 3122 'ipso
408 3035 575 3121 Stephano
599 3035 663 3104 lilio
689 3037 848 3123 Stephani
878 3038 940 3104 stb.
971 3034 1130 3120 quasdam
1161 3036 1288 3104 litteras
1321 3037 1450 3104 domini

319 3145 449 3211 Andree
465 3143 544 3211 dieti
561 3142 601 3210 de
616 3145 768 3231 Venecijs
784 3144 860 3211 olim
887 3145 985 3230 Regis
1017 3144 1184 3230 Hungarie
1214 3144 1446 3228 priuilegiales
1578 3211 1579 3214 ,

320 3271 405 3318 anno
422 3252 552 3320 Domini
569 3252 620 3317 lla
635 3251 856 3320 ducentesimo
873 3253 1086 3338 nonagesimo
1118 3255 1221 3338 Regni
1252 3259 1360 3320 autem
1392 3255 1449 3320 sui

318 3379 404 3427 anno
419 3359 523 3456 primo
540 3365 708 3428 emanatas
723 3381 779 3446 per
795 3361 960 3430 domiuum
977 3361 1134 3430 Karoluru
1160 3363 1280 3447 Regem
1312 3360 1447 3448 apposi-

321 3466 413 3532 oione
428 3485 486 3532 seu
501 3465 692 3554 inpensione
709 3467 810 3554 sigilli
827 3471 877 3537 sui
894 3467 1064 3538 annularis
1078 3469 1112 3535 in
1129 3489 1203 3536 cera
1229 3469 1327 3536 rubra
1353 3475 1448 3537 certa

319 3573 462 3658 imagine
479 3575 522 3641 ad
537 3574 686 3645 dextram
704 3577 738 3642 in
754 3577 861 3660 sigillo
878 3577 967 3644 facta
983 3577 1200 3664 confirmatas,
1232 3577 1394 3646 habentes
1408 3581 1448 3646 in

318 3701 354 3749 se
370 3681 593 3751 confirmatius
610 3691 642 3750 et
658 3683 905 3768 transscriptiue
921 3685 1094 3753 verbaliter
1119 3685 1236 3753 seriem
1262 3686 1448 3751 litterarum

316 3787 572 3876 priuileglalium
588 3787 710 3857 domiui
726 3789 873 3858 ladislai
890 3793 967 3862 olim
985 3791 1134 3860 similiter
1150 3794 1248 3878 Regis
1277 3791 1450 3877 Hungarie

318 3917 403 3962 anuo
420 3895 550 3964 Domini
566 3897 615 3962 lll⁰
632 3897 852 3967 ducentesimo
869 3899 1108 3988 septuagesimo
1126 3907 1251 3986 octauo,
1278 3901 1450 3984 quintode·

317 4004 400 4071 cimo
417 4003 577 4072 kalendas
594 4007 746 4094 Augusti,
772 4007 874 4093 Regni
892 4013 1000 4076 autern
1017 4010 1067 4075 sui
1084 4028 1171 4076 anno
1187 4007 1325 4094 septimo
1342 4008 1446 4075 edita-

316 4131 396 4196 rum,
412 4113 606 4180 habencium
621 4114 655 4179 iu
672 4134 707 4180 se
722 4115 897 4183 verbaliter
914 4116 1138 4184 confirmatius
1154 4123 1187 4183 et
1196 4116 1448 4203 transscriptiue

316 4221 431 4288 seriem
448 4221 630 4289 litterarum
647 4223 745 4309 Byter
763 4222 898 4291 Comitis
915 4223 956 4290 dc
980 4225 1117 4310 Zolyum
1143 4223 1376 4293 memorialium
1407 4225 1443 4292 in

317 4328 371 4396 die
386 4331 497 4397 Sancti
515 4330 646 4415 Georgij
663 4351 750 4396 anno
766 4331 896 4399 Domini
913 4331 962 4396 ll⁰
974 4331 1194 4401 ducentesimo
1205 4331 1449 4419 septuagesimo
1579 4325 1580 4328 '

316 4439 454 4524 septimo
471 4439 692 4505 confectarum
708 4440 802 4506 nobis
819 4442 947 4507 cirrauit
964 4440 1198 4528 demonstrare,
1214 4443 1445 4530 exprimentes,

316 4547 402 4630 quod
417 4545 564 4614 Mathias
579 4547 667 4614 lilius
683 4545 812 4614 lludree
827 4547 871 4614 ad
888 4547 991 4634 ipsius
1008 4549 1130 4616 domini
1161 4549 1309 4618 Ladislai
1343 4551 1447 4636 Regis

326 4652 484 4722 accedens
500 4653 698 4738 presenciam
716 4653 881 4722 humiliter
897 4657 1028 4741 abipso
1044 4657 1257 4746 supplicando
1289 4661 1449 4746 postulas·
1580 4720 1581 4723 ,
