3162 5200
955 1025 1031 1094 185.

423 1225 528 1292 Keled
543 1223 765 1307 Kelednelefia
782 1224 872 1288 coust
889 1233 950 1290 teau
964 1245 1047 1292 uzon
1062 1223 1364 1292 lutuloteakodosolr
1379 1225 1467 1307 allen,
1489 1247 1543 1289 aa·

425 1333 525 1418 lpelcet
542 1331 664 1399 Milolos
680 1331 877 1398 Aawldnak
886 1331 940 1413 fio
956 1331 1062 1397 Niczlo
1077 1331 1256 1418 helysopben
1268 1333 1437 1400 nooman
1456 1331 1545 1396 1277.

534 1528 603 1594 Nos
620 1525 803 1594 Lodouicns
818 1527 881 1594 Dei
897 1525 1012 1614 gracia
1030 1526 1210 1613 Hungarie,
1226 1522 1369 1610 Polonio,
1386 1524 1544 1591 Dalmatio

408 1635 486 1702 ·stb.
503 1635 573 1701 Rex
588 1636 651 1702 stb.
668 1631 754 1720 qnod
771 1634 832 1700 viri
848 1633 1012 1719 Magnifici
1031 1631 1199 1700 Emeriens
1224 1632 1396 1699 Palatinus
1421 1639 1455 1697 et
1482 1629 1542 1696 Ste·

424 1742 556 1828 plranus
570 1739 742 1826 Woyuoda
759 1741 997 1806 Transilnanns
1015 1737 1126 1808 fideles
1143 1737 1244 1808 nostri
1261 1745 1294 1804 et
1310 1739 1421 1806 dilecti
1450 1757 1544 1823 perso

425 1848 542 1915 naliter
560 1849 650 1914 iuxta
666 1849 904 1914 continenciam
921 1847 1101 1914 litterarum
1120 1843 1255 1912 Conuiuis
1281 1845 1413 1931 Capella
1446 1852 1543 1912 nostre

426 1955 687 2023 enecatoriarum
703 1953 897 2040 simplicium
915 1954 1023 2038 ipsam
1056 1951 1283 2020 euoeaoionem
1315 1953 1350 2018 in
1381 1949 1543 2036 Wisegrad

424 2061 510 2128 facie
529 2061 702 2127 adfaciem
720 2061 840 2128 saetam
857 2061 927 2126 lore
943 2058 1172 2128 denotuncinm
1189 2059 1287 2126 tercio
1313 2059 1367 2127 die
1398 2060 1476 2126 loric
1502 2078 1541 2125 se

424 2166 529 2232 arunde
546 2168 692 2252 proxime
718 2173 793 2252 post
824 2167 939 2233 festum
973 2167 1066 2234 Beati
1098 2168 1185 2232 Luco
1215 2165 1437 2250 Euangeliste
1467 2185 1540 2234 anno

424 2275 557 2340 Domini
574 2273 746 2341 millesimo
774 2273 982 2341 GCO⁰LXX⁰
1013 2274 1112 2342 tercio
1144 2275 1333 2359 preteritum
1366 2272 1402 2339 in
1435 2273 1540 2341 Nostro

425 2381 620 2448 serenitatis
637 2388 813 2467 conspeetu
831 2387 1067 2467 comparentes,
1100 2387 1214 2448 contra
1242 2381 1419 2449 Nicolaum
1452 2381 1540 2445 lilium

424 2487 559 2554 Hahold
575 2488 734 2571 quostiam
752 2489 879 2556 litterar
897 2489 1041 2574 Capituli
1057 2487 1205 2556 Ecclesia
1238 2487 1392 2554 Albensis
1425 2489 1484 2556 stb.
1511 2485 1541 2550 in

422 2601 565 2664 nostrum
584 2595 762 2662 eduxerant
779 2603 986 2680 conspectum
1019 2597 1188 2680 habentes,
1221 2595 1308 2680 quod
1338 2596 1373 2660 in
1407 2593 1541 2681 personis

422 2706 566 2790 ipsorum
581 2703 723 2768 Palatini
741 2711 772 2770 et
788 2703 955 2789 Woyuode
968 2704 1168 2788 fratrumque
1178 2721 1287 2769 eorum
1299 2701 1420 2770 Nostro
1430 2703 1553 2768 dietum·

422 2811 539 2879 luisset
554 2809 727 2895 Maiestati,
744 2807 831 2894 qnod
846 2810 1004 2875 Nicolaus
1021 2808 1106 2875 filius
1117 2809 1248 2877 Nicolai
1259 2809 1301 2875 de
1312 2808 1448 2893 Haholt,
1463 2827 1554 2894 asse-¹

420 2939 496 2986 rens
509 2924 587 3010 jura
603 2937 663 2984 suu
680 2916 940 3003 possessionaria
956 2934 1034 2999 erga
1051 2919 1181 2984 eosdem
1198 2915 1396 3004 Palatinum,
1412 2917 1541 3002 Woyuo·

422 3027 511 3112 darn,
529 3034 562 3092 et
578 3024 693 3092 fratres
710 3025 853 3109 ipsorum
871 3025 1021 3106 existere,
1039 3024 1181 3090 obmissa
1198 3043 1330 3108 prorsus
1347 3020 1541 3090 consuetudi·

422 3135 515 3200 naria
531 3132 605 3216 lege
621 3132 724 3215 Regni
741 3133 841 3198 nostri
858 3135 898 3196 atr
916 3130 1052 3216 antiquo
1069 3137 1237 3217 consueta,
1254 3150 1398 3199 necnon
1420 3149 1541 3197 snorum

417 3241 550 3326 jurium,
567 3239 595 3306 si
613 3257 675 3320 qne
691 3237 826 3304 haberet
842 3239 929 3304 eirca
947 3237 1089 3326 easdem,
1119 3237 1317 3304 exconcione
1348 3243 1542 3322 postergats,

420 3348 520 3415 tacita
538 3347 674 3414 ueritate
691 3355 723 3412 et
738 3329 893 3430 suggesta
912 3345 1071 3430 falsitate,
1087 3344 1316 3432 multipharias
1331 3345 1463 3412 litteras
1482 3363 1544 3428 pro

407 3453 665 3534 ‘testaoionalea
682 3452 915 3538 inquisitorias,
933 3452 1163 3539 prohibitorias
1182 3461 1214 3520 et
1237 3450 1481 3540 animatorias,
1510 3469 1545 3516 ec

419 3562 506 3627 aliar
519 3560 585 3647 juri
617 3561 761 3646 ipsorum
796 3559 1052 3645 possessionario
1083 3559 1319 3644 derogatorias,
1350 3559 1487 3626 silenter
1515 3561 1546 3624 et

420 3669 544 3734 occulte
559 3675 672 3734 contra
687 3668 776 3752 ipsos
793 3669 939 3734 emanari
956 3669 1066 3735 faeere
1098 3673 1313 3753 praenosset,
1345 3674 1380 3734 ot
1411 3671 1544 3753 protunc

419 3785 618 3863 procuraret.
651 3777 745 3842 Vnde
761 3777 837 3861 quia
853 3797 912 3842 nos
930 3775 971 3844 de
1002 3777 1123 3844 talibus
1156 3775 1276 3842 dolosis
1308 3781 1340 3842 et
1373 3774 1543 3840 cautelosis

419 3883 520 3968 gestis
537 3891 570 3949 et
584 3881 704 3965 iniquis
720 3883 932 3967 processibus,
957 3905 997 3950 ne
1024 3902 1080 3970 per
1111 3883 1173 3949 hoo
1204 3882 1277 3948 iura
1310 3882 1543 3965 regnicolarum

418 3999 597 4058 nostrorum
615 3991 874 4073 possessionariu
892 3993 925 4057 in
945 3990 1089 4058 futurum
1105 3990 1281 4076 periclitari
1308 3989 1543 4072 contingerent²

418 4099 634 4166 voluissemus
651 4115 731 4161 saue
746 4097 917 4180 inuigilare
932 4123 939 4182 ;
965 4098 1039 4188 ideo
1056 4097 1152 4164 nobis
1169 4095 1446 4164 committentibus
1463 4095 1543 4160 idern

417 4206 574 4272 Nicolans
590 4203 674 4270 filius
690 4203 816 4270 Nicolai
834 4205 916 4270 seria
935 4211 1057 4288 quarta
1074 4204 1222 4290 proxima
1249 4209 1324 4288 post
1349 4201 1544 4268 dominicam

417 4309 887 4396 Reminisoereproximetuno
914 4313 1101 4396 preteritum
1134 4331 1193 4397 per
1224 4317 1371 4404 nostrum
1402 4317 1436 4375 et
1469 4305 1543 4374 dieti

417 4417 560 4504 Capituli
577 4419 724 4484 hominos
739 4417 771 4482 in
790 4419 997 4501 possessione
1013 4439 1073 4486 sna
1089 4417 1201 4484 Bodon
1221 4424 1336 4485 rosata
1368 4437 1440 4485 oum
1477 4416 1543 4482 vni·

417 4529 520 4593 uersis
539 4523 730 4592 litteralibus
747 4525 815 4590 suis
832 4525 1055 4592 instrumentis
1072 4545 1129 4592 seu
1147 4524 1363 4612 munimentis,
1379 4525 1407 4592 si
1425 4543 1492 4610 que
1511 4525 1542 4588 iu

415 4634 570 4700 dictorum
584 4633 704 4718 jurium
722 4653 848 4700 suornm
862 4633 1204 4720 possessionariorum,
1222 4650 1284 4716 que
1295 4635 1476 4720 ergnipsos
1488 4634 1544 4700 Pa·
