3160 5200
907 321 971 385 576
996 359 1001 380 r

380 517 486 584 blurnl
506 515 670 602 adipsum
696 511 862 582 Androarn
894 513 993 578 lilinrn
1025 511 1152 579 andree
1184 521 1215 580 et
1245 513 1331 580 tilios
1364 515 1500 582 eiusdem

378 623 554 706 pertinere,
585 629 616 688 et
633 621 730 703 digne
761 639 819 704 per
834 619 922 704 ipsos
953 637 1051 704 posse
1076 619 1214 686 rendere
1231 625 1264 687 et
1279 621 1428 688 alienare
1443 625 1499 689 oui·

380 747 508 812 cunque
523 727 645 794 vellent
660 726 888 794 affirmassent.
905 726 997 791 Vnde
1029 744 1106 809 sepe
1137 725 1236 794 latum
1270 727 1499 812 possessionen

380 833 486 902 llarul
519 839 678 918 rosatum,
710 833 805 900 simul
836 851 907 900 oum
940 833 1079 898 ecelesia
1112 841 1282 916 prenotata
1298 841 1332 902 ot
1346 835 1500 902 uniuersis

381 940 579 1010 vlilitatibns
596 940 664 1008 suis
681 960 720 1006 aa
735 937 945 1024 pertinenuijs
960 938 1002 1004 ad
1020 938 1155 1005 eundem
1174 939 1260 1006 intra
1275 949 1381 1007 metas
1398 961 1498 1028 supra·

382 1047 490 1116 dietas
516 1046 675 1114 inolnsam
692 1043 776 1111 idem
793 1042 908 1111 Comes
924 1043 1082 1128 Andreas,
1097 1047 1212 1112 Petrus
1228 1051 1260 1110 et
1275 1046 1443 1116 lohannes
1457 1049 1499 1113 sni

384 1153 441 1238 filij
460 1175 517 1240 pro
535 1153 689 1240 predictis
705 1151 923 1237 quadraginta
939 1150 1055 1219 mareis
1073 1151 1129 1218 fini
1146 1155 1273 1235 argenti
1290 1175 1400 1220 eoram
1418 1157 1501 1220 nobis

385 1262 427 1328 ab
445 1259 558 1329 eodem
591 1257 715 1326 Comite
746 1256 875 1325 Sandor
906 1258 1001 1342 plene
1017 1257 1136 1324 habitis
1152 1267 1184 1323 et
1200 1259 1341 1344 receptis
1358 1259 1503 1329 vendide-

379 1373 455 1435 runt
471 1375 502 1434 et
515 1365 718 1434 tradiderunt
734 1383 772 1434 ao
788 1364 916 1450 penitus
932 1365 974 1430 do
989 1385 1025 1431 so
1041 1365 1225 1432 alienarunt
1255 1364 1361 1432 eidem
1394 1367 1499 1436 Comiti

380 1475 523 1560 Sandor,
541 1480 574 1540 et
589 1493 647 1559 per
664 1493 737 1541 eum
767 1471 835 1539 suis
854 1469 1025 1537 heredibus
1041 1471 1198 1538 uniuersis
1211 1472 1287 1556 jure
1305 1484 1459 1558 perpetuo
1473 1487 1500 1544 et

382 1581 637 1652 inenodabiliter
676 1579 812 1665 paoilioe
843 1586 875 1647 et
906 1579 1015 1662 quiete
1057 1579 1300 1665 possidendam,
1334 1580 1498 1650 tenendum

382 1691 504 1776 pariter
520 1695 551 1756 et
577 1685 772 1772 habendam,
804 1686 893 1753 nullo
925 1687 1054 1770 penitus
1071 1686 1309 1754 contradictore
1326 1689 1497 1772 existente;

384 1797 588 1883 presentibus
605 1793 725 1862 nostris
741 1794 858 1861 litteris
874 1792 1134 1880 priuilegialibus
1150 1793 1212 1860 sibi
1243 1795 1501 1864 confirmandam.

384 1904 579 1988 Obligantes
610 1922 645 1971 se
661 1901 798 1989 predicti
815 1901 975 1988 Andreas,
992 1901 1106 1968 Petrus
1122 1909 1154 1968 et
1170 1899 1338 1969 lohannes
1357 1903 1413 1989 filij
1430 1905 1501 1971 eius
1556 1968 1563 1979 ,

384 2009 467 2091 dem,
492 2009 629 2094 quodsi
655 2009 710 2094 qni
733 2028 887 2095 praeessu
912 2015 1092 2093 temporam
1119 2007 1224 2093 ipsum
1250 2009 1411 2078 Comitem
1433 2011 1502 2078 San·

381 2114 444 2183 dor
477 2115 530 2184 uel
562 2136 638 2184 suos
671 2115 808 2182 heredes
841 2116 971 2182 raoione
1004 2113 1108 2201 ipsius
1141 2121 1226 2182 terre
1258 2116 1369 2183 Mnrnl
1402 2126 1506 2184 rorate

382 2225 605 2311 molestarent,
639 2233 757 2291 extnno
789 2224 851 2308 ipsi
885 2229 915 2290 et
945 2221 1087 2308 ipsorum
1121 2222 1258 2290 heredes
1282 2223 1392 2292 modis
1413 2225 1503 2292 omni·

383 2335 443 2401 bus
469 2333 622 2419 expedire
655 2337 825 2400 teneantur
855 2331 898 2399 ab
929 2331 1086 2416 omnibus,
1121 2330 1263 2418 proprijs
1289 2351 1400 2398 eorum
1422 2332 1502 2398 labo

384 2440 474 2507 ribus
498 2447 530 2507 et
552 2440 713 2526 expensis,
745 2460 783 2506 ao
816 2439 849 2504 in
883 2437 957 2522 ipsa
989 2439 1194 2525 possessione
1225 2439 1364 2524 pacifice
1397 2459 1435 2506 au
1465 2440 1504 2504 in·

317 2591 321 2602 .
383 2545 565 2630 dempniter
602 2563 808 2615 conseruare.
841 2547 879 2612 In
915 2547 1005 2612 ouius
1038 2565 1096 2632 roy
1119 2545 1338 2612 testimonium
1366 2553 1506 2632 perpetu·

387 2671 505 2737 amque
549 2651 733 2720 firmitatem
776 2652 819 2720 ad
863 2651 1078 2738 prediotorum
1114 2651 1269 2720 nobilium
1323 2653 1503 2738 peticionem

387 2766 553 2847 presentes
597 2761 815 2829 eoncessimns
858 2760 983 2828 litteras
1025 2765 1152 2852 nostras
1184 2759 1405 2844 prirrilegialrs
1435 2777 1502 2844 pen-

385 2867 491 2936 dentis
514 2867 616 2952 sigilli
640 2867 743 2934 nostri
767 2868 945 2934 munimine
968 2869 1146 2935 roboratas.
1173 2869 1291 2934 Datum
1318 2887 1376 2952 per
1399 2881 1506 2932 maurus

382 2974 517 3045 disereti
549 2975 609 3042 viri
643 2973 790 3060 Magistri
823 2975 953 3042 Andreo
986 2974 1128 3042 Laetoria
1161 2974 1307 3040 Euolesie
1341 2978 1444 3039 nostre
1473 2972 1502 3034 in

382 3083 506 3151 notaris
532 3081 631 3165 madij
658 3082 781 3150 XLme
804 3101 889 3149 anno
914 3081 1026 3149 eodem
1051 3080 1244 3166 supradioto.

385 3281 437 3339 (Aa
457 3284 535 3333 orodi
555 3283 747 3348 lraptalannak
770 3285 845 3332 1423.
867 3283 955 3332 »laria
973 3285 1052 3331 sexta
1081 3284 1145 3343 post
1175 3281 1276 3330 testum
1312 3278 1396 3326 Beate
1425 3273 1507 3324 Isucie

381 3371 526 3436 Virginis«
547 3372 715 3438 »Gregorius
733 3371 805 3424 lilius
823 3373 886 3422 Bek
901 3371 935 3422 de
949 3370 1108 3437 Dantloghr
1123 3367 1251 3420 1161111111,
1264 3367 1325 3418 lrelt
1338 3361 1506 3420 attestantis

674 3478 692 3512 a
709 3461 795 3513 budui
814 3462 867 3512 1111.
887 3461 1015 3512 1111111111
1033 3459 1229 3522 lerdltrlrbsn.)
