3102 5196
564 363 725 464 *aar*

95 559 179 644 dsds,
208 564 243 626 ut
258 560 400 646 ipsorum
415 557 577 625 hominem
594 575 653 645 pro
686 559 873 630 testimonio
903 561 1069 628 mitterent
1098 559 1211 628 fidedi-

94 687 193 754 gnum,
210 686 315 734 eoram
334 687 397 750 qno
413 667 506 734 Iwau
521 665 607 733 iilius
623 665 782 735 Johunnis
800 669 841 738 de
861 666 984 736 Gumur
994 667 1089 736 homo
1099 676 1210 738 noster

94 775 299 842 reambularet
313 771 496 858 predictum
513 779 632 841 terrum
648 775 682 840 in
698 775 795 844 certis
813 775 907 843 metis
922 782 955 843 et
970 775 1117 844 terminis
1127 775 1209 843 cnti-
1239 823 1240 835 ι

94 883 166 968 quis,
182 887 213 948 et
227 880 413 950 restitueret
429 881 531 966 Sunk,
549 881 695 969 Nycolas
712 887 744 948 et
759 883 854 950 Petro
869 882 1061 970 prenotatis,
1093 884 1125 952 si
1139 904 1207 952 non

95 989 176 1056 fieret
190 987 433 1071 contradictum,
464 987 722 1056 contradictores
746 1007 834 1075 uero,
866 989 977 1075 siqui
1010 989 1133 1075 fierent,
1163 988 1209 1057 ed

92 1103 224 1164 nostram
241 1097 360 1164 citaret
376 1094 582 1164 Prosenciem
598 1095 641 1162 ud
657 1097 827 1164 terminum
846 1101 1088 1182 competentem.
1113 1097 1209 1178 Quod

93 1201 211 1288 quidem
229 1203 418 1289 Capitulum
435 1203 564 1271 demum
579 1203 673 1273 nobis
689 1205 857 1290 rescripsit
873 1205 907 1270 in
923 1205 983 1271 hec
999 1207 1118 1273 uerba:

187 1310 476 1380 Excellentissimo
492 1312 634 1379 Domino
652 1333 710 1380 suo
726 1311 883 1381 Ledizluo
909 1313 971 1382 stb.
998 1311 1212 1400 (idvetkezik

92 1439 124 1486 uc
139 1419 203 1503 egri
217 1421 452 1507 keptaiuunuk
464 1420 638 1505 jelentdse,
656 1421 738 1488 mint
753 1422 853 1491 altbb
870 1425 945 1492 308.
962 1441 1007 1489 sn.
1024 1418 1069 1507 a.)

187 1529 254 1595 Nos
271 1528 373 1614 igitur
386 1529 602 1616 peticionibus
618 1527 779 1597 dictorum
796 1529 898 1617 Sank,
914 1530 1065 1616 Nyeoluy
1080 1535 1112 1596 et
1120 1529 1208 1596 Petri

91 1635 307 1704 formabiliter
322 1637 473 1703 inclinati
488 1638 670 1723 predictum
686 1645 804 1706 terram
821 1659 931 1706 eorum
948 1637 1086 1705 Chukan
1113 1655 1210 1704 uoca-

91 1751 148 1810 tam
164 1745 286 1813 eisdem
303 1743 407 1827 Senis,
424 1745 570 1831 Nycoiao
587 1753 619 1812 et
635 1748 739 1833 Petro,
756 1752 908 1815 eteorum
919 1745 1104 1830 heredibus,
1121 1743 1209 1810 here·

91 1850 221 1936 dumque
236 1873 371 1920 suorum
388 1853 632 1922 successoribus
648 1853 848 1922 reddidimus
865 1863 898 1920 et
913 1851 1112 1920 restituimus
1139 1871 1209 1937 per-

91 1967 175 2044 petuo
193 1960 435 2049 possidendam,
466 1969 563 2044 prout
579 1963 611 2029 in
628 1967 728 2030 antee
759 1962 983 2029 dinosscuntur
1015 1959 1208 2046 possedisse.

92 2065 124 2132 in
139 2069 226 2136 cuius
251 2069 300 2134 rei
327 2071 515 2138 memoriam
546 2075 798 2157 perpetuamque
828 2071 1010 2137 firmitatem
1041 2072 1208 2153 presentes

92 2175 304 2242 concessimus
322 2177 446 2245 litteras
463 2178 627 2263 dupplicis
653 2177 755 2263 sigilli
785 2177 887 2244 nostri
919 2175 1095 2243 munimine
1120 2178 1211 2254 robo-

92 2291 181 2351 ratas.
204 2285 330 2352 Datum
347 2306 407 2370 per
422 2304 539 2353 manus
555 2285 686 2353 discreti
712 2285 774 2352 uiri
805 2283 955 2369 Magistri
986 2282 1210 2350 Bartholomei

91 2391 158 2457 aule
172 2399 281 2462 nostre
297 2392 575 2477 vicecancellarij
593 2391 706 2458 dilecti
724 2396 756 2458 et
771 2392 876 2459 tidelis
894 2390 996 2459 nostri
1028 2411 1114 2458 anno
1145 2388 1209 2456 Do-

92 2499 161 2567 mini
177 2500 301 2569 M⁰OG⁰
318 2499 517 2584 octagesimo
533 2499 687 2588 secundo,
716 2502 821 2585 Regni
853 2507 963 2568 autem
994 2497 1096 2566 nostri
1124 2518 1211 2565 anno

91 2606 216 2676 decimo.

93 2806 223 2867 (Eredetie
242 2808 429 2875 borhtrtyan,
448 2809 566 2874 melyrol
586 2807 707 2873 cpecsdt
726 2809 877 2875 elveszett;
896 2807 1005 2864 abudai
1017 2809 1069 2862 kir.
1083 2808 1211 2862 kamarai

553 2898 748 2963 levdlttrban.)

615 3729 693 3796 299.

0 3887 1 3892 ¹
92 3931 110 3993 Ι
116 3929 146 3996 V.
162 3933 281 3998 Ldatld
296 3932 406 4016 kirdly
422 3933 604 4017 uesper-dciii
613 3951 694 3994 ozon
704 3928 883 4008 seeo-zedeo,
899 3926 1044 4013 melylyol
1054 3925 1215 3991 Bertolon

0 4035 1 4076 ³
91 4051 195 4106 moster
226 4041 326 4104 Po'ka
358 4039 515 4125 helysdpet
539 4037 647 4102 clodia
673 4037 768 4119 Imre,
800 4033 1092 4116 Athona'zfldcoic.
1115 4032 1215 4098 1282.

93 4233 186 4295 (Huzai
204 4236 381 4302 Okmtnyter
400 4237 453 4288 ΠΙ.
473 4235 530 4286 ket.
565 4239 606 4284 35.
625 4235 645 4284 1.
668 4233 757 4285 trehet
781 4231 858 4284 leeth
877 4231 985 4297 Kdroly
1011 4228 1212 4294 kdzlemdnye·)

520 4517 786 4531 ναι-Μ
