3142 5198
910 1073 989 1142 409.

384 1273 447 1338 IV.
464 1273 582 1337 Ldsald
597 1273 706 1357 hirddy
722 1275 904 1357 meyer-ostri
928 1272 1067 1339 Konrdd
1082 1282 1202 1357 νηπίαν,
1234 1273 1481 1380 [stodufidnak
1494 1299 1513 1336 n

474 1381 575 1448 lobeni
586 1391 740 1446 owaostor
756 1382 938 1466 oolleotdja't
953 1383 1108 1468 tdrpyazd
1115 1383 1225 1468 jopdt.
1241 1381 1290 1444 Eo
1306 1381 1430 1446 nelkdl.

491 1578 559 1644 Nos
575 1575 747 1643 Ladiulaus
764 1577 824 1643 Dei
839 1576 953 1659 gracia
967 1577 1036 1642 Rex
1053 1573 1220 1658 Hungarie
1245 1575 1401 1642 memorie
1429 1594 1511 1640 eom-

386 1683 576 1751 mendantos
608 1683 827 1767 significamus
859 1683 1028 1767 uniuersis,
1060 1684 1147 1768 qnod
1178 1682 1371 1748 constitutus
1404 1703 1510 1748 eoram

385 1792 479 1857 nobis
495 1791 651 1873 Magister
673 1789 837 1857 Corradus
853 1789 941 1856 filius
956 1789 1114 1874 Stephani
1132 1787 1287 1875 exhybuit
1302 1790 1399 1855 nobis
1431 1789 1510 1854 titre

385 1917 439 1964 ras
455 1897 678 1982 priuilegisles
705 1897 827 1964 domini
852 1897 930 1964 Bele
960 1897 1060 1982 Regis
1090 1896 1145 1962 ani
1176 1898 1289 1976 nostri,
1323 1907 1357 1962 ot
1389 1895 1509 1962 litteras

387 2011 535 2088 patentes
552 2004 672 2071 domini
690 2003 736 2070 St.
751 2005 848 2087 Regis
865 2002 967 2089 patris
992 2003 1093 2071 nostri
1125 2001 1302 2086 karissimi,
1333 2004 1368 2068 in
1398 2002 1511 2086 quibus

387 2109 610 2176 continebatur
629 2135 636 2176 ε
654 2109 738 2192 qnod
754 2109 926 2178 oolleotam
952 2108 1157 2175 denariorum
1183 2108 1235 2175 uel
1266 2108 1460 2175 uiotnalium
1489 2129 1509 2172 a

386 2216 512 2303 populis
528 2213 716 2296 Monasterij
734 2215 785 2281 sui
802 2215 916 2280 Sancti
932 2214 1046 2282 Jaoobi
1062 2213 1103 2282 de
1119 2215 1242 2300 Lybem
1261 2235 1335 2282 oum
1351 2218 1386 2282 in
1401 2217 1507 2298 Regno

387 2324 506 2408 exhygi
522 2322 662 2409 deberet,
694 2322 747 2389 uel
762 2321 833 2389 fiori
850 2321 1060 2406 contingeret,
1090 2323 1161 2410 ipse
1178 2321 1334 2406 Magister
1351 2321 1507 2388 commus

387 2431 440 2496 uel
456 2449 516 2496 sua
531 2429 713 2513 perciperet
727 2429 920 2514 posteritas;
945 2429 1122 2514 petiuitque
1152 2450 1173 2496 a
1202 2429 1307 2514 nobis,
1341 2439 1376 2494 ut
1407 2429 1505 2494 eidem

387 2556 446 2602 nos
462 2543 495 2602 et
510 2537 577 2601 suis
593 2535 764 2602 heredibus
780 2541 909 2604 nostras
925 2537 1051 2603 litteras
1068 2537 1275 2620 dignaremur
1286 2536 1431 2618 elargiri.
1441 2535 1506 2600 Nos

386 2644 485 2727 igitur
500 2643 595 2710 iustis
612 2643 827 2727 peticionibus
841 2643 944 2728 ipsius
960 2643 1117 2726 eommoti,
1149 2643 1242 2710 iuxta
1275 2641 1504 2710 eontinenoiaro

388 2751 565 2837 priuilegij‚
583 2759 615 2818 et
631 2749 805 2817 seeundum
823 2758 964 2817 tenorem
981 2750 1160 2818 litterarum
1177 2750 1421 2833 memoriulium,
1446 2751 1503 2815 ool·

386 2862 504 2927 lostam
522 2863 729 2926 memoratam
746 2858 809 2942 ipsi
825 2858 983 2941 Magistro
1011 2857 1152 2926 corrado
1177 2863 1209 2923 et
1240 2858 1310 2924 suis
1341 2854 1502 2923 heredibus

387 2965 535 3034 dedimus
552 2965 582 3032 ei
598 2965 791 3032 contulimus
807 2971 964 3052 perpetuo
990 2963 1229 3051 possidendam.
1269 2963 1389 3032 Datum
1417 2963 1500 3027 Bnde
1567 2969 1569 3054 j

387 3075 470 3142 ferio
486 3075 587 3141 ter-oia
604 3081 678 3159 post
694 3079 827 3141 oetanas
844 3075 1063 3143 Pentecostes.
1160 3120 1162 3124 2

388 3272 528 3332 (Eredetie
546 3272 729 3337 herbertum,
760 3242 871 3336 melyen
891 3288 908 3322 a
938 3271 1019 3322 hatul
1038 3272 1093 3322 oda
1111 3276 1244 3336 nyomott
1261 3272 1408 3336 possetnek
1435 3271 1501 3319 thre·

459 3361 530 3412 dshe
548 3361 613 3429 meg
630 3375 769 3428 megvan3
789 3377 806 3411 a
824 3361 901 3412 mdlt.
918 3361 987 3412 barb
1006 3361 1104 3426 deay
1123 3363 1215 3414 osalad
1232 3360 1441 3422 leveltars'rban.)
