3096 5202
839 359 997 456 geo-

353 564 457 626 cetum
473 577 513 624 ac
529 557 702 642 collegium
718 552 891 638 Regulium
905 551 1119 621 sernicncinm
1145 573 1274 622 sumum
1301 557 1453 626 transferre

352 664 547 748 dignaretur.
588 665 663 750 Ipse
702 663 810 746 itaque
850 657 986 727 cendum
1019 657 1168 728 dominus
1201 661 1370 730 Ludislnus
1397 665 1455 732 Rex

353 770 568 842 consideratis
579 771 726 856 seruicijs
735 768 835 855 ipsius
846 765 980 835 Comitis
989 768 1136 854 Machor,
1153 789 1218 853 que
1234 771 1275 836 ub
1291 771 1456 840 adolescen-

352 883 401 949 eie
417 901 474 950 sue
489 879 699 966 temporibus,
717 875 854 961 primum
871 874 1000 943 domino
1010 875 1178 961 Stephano
1195 877 1276 963 Regi
1291 877 1374 965 patri
1386 879 1454 944 eius·

350 988 425 1056 dem
441 987 578 1055 condem
597 985 718 1052 domini
733 979 877 1051 Ludislai
893 983 1003 1066 Regis.
1020 1001 1059 1048 ac
1069 982 1200 1051 tandem
1222 984 1286 1051 sibi
1305 985 1455 1070 impendit,

351 1093 516 1162 cumidem
527 1089 1087 1163 condemdominusLadisluusch
1103 1091 1188 1159 dicto
1203 1095 1292 1177 Rege
1308 1092 1456 1178 Stephano

352 1209 442 1285 putre
452 1205 668 1287 suoingressc
678 1201 765 1268 vium
782 1200 890 1266 curnis
906 1197 1066 1284 uniuerso,
1082 1197 1185 1282 Regni
1202 1200 1419 1282 gubsmacula
1431 1204 1457 1264 et

350 1309 448 1393 Regis
479 1308 595 1376 solium
628 1309 770 1393 adeptus
799 1305 914 1374 fuisset
944 1307 1014 1372 inre
1031 1312 1063 1372 et
1078 1305 1190 1372 ordine
1205 1308 1370 1391 geniture;
1392 1307 1457 1389 quic
1511 1335 1516 1342 ·

349 1414 455 1483 dictus
486 1415 602 1483 (lomes
632 1414 771 1483 Maehex
800 1415 836 1480 in
866 1413 962 1481 domo
993 1411 1137 1482 ciusdem
1168 1413 1308 1482 condam
1350 1411 1455 1479 domini

350 1522 498 1590 Ludislui
527 1522 626 1608 Regis
656 1523 777 1606 iugiter
798 1519 994 1605 famulando,
1013 1527 1045 1586 et
1060 1519 1198 1587 diuersis
1216 1521 1343 1588 actibus
1357 1520 1456 1586 suiset

350 1631 595 1715 conspicucmm
626 1629 838 1697 seruiciorum
869 1647 1001 1696 suorum
1045 1628 1218 1711 generibus
1253 1625 1455 1713 multiplieiter

350 1757 457 1805 corum
489 1738 591 1806 oculis
618 1737 721 1823 ipsius
737 1736 874 1803 condam
891 1734 1012 1801 domini
1028 1734 1171 1802 Ladislai
1185 1735 1289 1820 Regis
1304 1734 1456 1803 meruisset

271 1874 279 1896 ι
348 1845 574 1930 commendari,
584 1850 616 1911 et
626 1844 667 1910 ob
677 1843 864 1910 fidelitatem
875 1841 1000 1909 Corone
1014 1843 1118 1927 Regia
1133 1841 1278 1913 debitam
1288 1863 1325 1913 sc
1334 1838 1454 1910 diuersis

350 1949 476 2018 fortune
507 1951 637 2018 essibus
653 1950 840 2018 submittere
860 1969 1023 2034 nmquam
1038 1948 1253 2037 formidasset,
1272 1952 1454 2017 voluntatem

205 2105 214 2120 ,
348 2066 380 2124 et
396 2064 580 2143 preceptum
600 2060 699 2143 ipsius
715 2056 852 2126 condam
869 2057 989 2124 domini
1004 2055 1151 2124 Ladislai
1177 2057 1280 2140 Regis
1310 2052 1455 2140 sagaciter

347 2165 380 2230 in
397 2167 545 2233 omnibns
577 2166 645 2233 loeo
661 2172 694 2231 ct
708 2171 852 2250 tompore
873 2163 1064 2250 opportunis
1098 2163 1227 2233 effectui
1242 2159 1454 2250 mancipando,

349 2289 386 2336 ec
402 2269 503 2336 eciem
535 2278 689 2358 tempore,
722 2291 794 2338 cum
822 2273 965 2354 Regnum
996 2271 1140 2338 eiusdem
1174 2270 1315 2340 condam
1347 2267 1452 2337 domini

346 2375 491 2445 Ludislai
506 2377 605 2463 Regis
631 2398 689 2464 per
706 2378 824 2446 bellum
839 2379 1027 2445 intestinum
1044 2386 1077 2447 et
1092 2378 1312 2448 extrinsecum
1327 2374 1454 2465 puericie

345 2505 403 2554 sue
419 2487 615 2571 temporibus
632 2485 701 2554 fere
716 2484 761 2554 ud
777 2485 1034 2554 exinanieionem
1050 2486 1178 2555 virtutis
1199 2492 1346 2555 extreme
1374 2483 1454 2548 denc-

345 2592 458 2678 niseet,
490 2591 576 2660 idem
608 2594 723 2660 Comes
754 2593 893 2662 Machor
923 2594 956 2660 in
972 2593 1198 2680 legacionibus
1231 2593 1315 2662 dicti
1334 2589 1454 2660 cundum

345 2697 468 2766 domini
484 2699 632 2768 Ludislai
648 2699 748 2785 Regis
763 2699 997 2786 multiplicibus
1015 2701 1207 2791 insudando,
1223 2703 1256 2770 in
1272 2699 1415 2772 omnibus
1428 2701 1454 2761 ct

345 2825 403 2892 per
429 2807 537 2874 omniu
556 2827 615 2894 pro
630 2806 796 2876 commodo
812 2807 919 2892 Regni
935 2809 987 2876 sni
1003 2809 1216 2897 inuigilundo,
1234 2831 1330 2879 suam
1346 2805 1451 2877 cliecio

343 2919 393 2980 set
409 2913 627 3000 voluntutem5
650 2914 684 2980 in
700 2917 1038 3002 recompensacionem
1058 2916 1162 3002 ipsius
1177 2916 1315 2987 Comitis
1331 2913 1452 2983 Moolm

342 3018 552 3088 seruioiorum
563 3021 625 3088 sibi
635 3040 707 3088 cnm
723 3020 900 3106 diligencie
916 3043 1039 3091 summe
1052 3023 1219 3093 fidelitatis
1234 3027 1454 3114 impensurum,

342 3131 452 3209 etque
480 3125 544 3196 sibi
571 3125 759 3212 impendere
787 3137 897 3214 posset
912 3129 947 3196 in
976 3132 1130 3219 futurum,
1162 3134 1272 3217 ipsum
1307 3130 1451 3200 consum

340 3231 488 3320 blachus,
519 3239 552 3300 et
566 3253 624 3319 per
640 3253 713 3300 cum
744 3234 883 3305 Zumbor
901 3235 1031 3305 fratrem
1047 3258 1142 3307 suum
1159 3239 1329 3324 murinum,
1345 3239 1450 3305 Parea-

340 3339 433 3426 sinm,
453 3342 559 3428 Reuss,
575 3341 720 3428 Gyroult,
736 3343 962 3430 Augustinum3
984 3344 1082 3432 Helys
1098 3354 1132 3415 ct
1145 3347 1276 3435 Kcmyn
1308 3352 1452 3434 eogoeuu

339 3466 413 3515 suos
444 3446 627 3517 antedictos
660 3450 700 3517 de
719 3451 906 3520 condicione
934 3453 1197 3523 thanurnicornm
1220 3475 1363 3542 suorum,
1389 3473 1451 3522 eum

338 3554 436 3622 terris
466 3554 608 3641 ipsorum
640 3557 673 3624 in
705 3559 785 3626 villa
813 3559 958 3647 Thymer
990 3560 1216 3652 existentibus,
1248 3564 1391 3633 duxisset
1417 3579 1452 3628 cx

336 3658 530 3729 liberalitate
559 3664 664 3748 Regia
694 3667 894 3756 eximendos,
911 3673 980 3738 tam
995 3689 1078 3755 pure
1093 3677 1127 3740 et
1140 3671 1343 3761 simpliciter,
1366 3677 1400 3740 rt
1413 3667 1448 3734 dt

337 3773 444 3835 cetero
457 3768 543 3837 idem
560 3771 676 3839 Comes
692 3774 839 3861 Muehox,
856 3775 956 3846 irater
972 3782 1004 3846 et
1035 3780 1166 3864 cognati
1197 3779 1248 3850 sui
1279 3773 1447 3861 memorati,
1525 3783 1531 3793 '

336 3881 504 3942 eteorum
535 3879 682 3966 herulos,
713 3882 933 3970 heredumque
965 3905 1095 3956 sucrum
1126 3907 1331 3958 successores
1360 3904 1448 3973 super

334 3981 428 4050 terris
460 4001 569 4052 eorum
600 3987 634 4053 in
664 3988 745 4057 villa
775 3989 921 4076 Thymur
951 3993 1177 4081 existentibus,
1207 3995 1267 4064 illu
1281 4005 1315 4067 et
1346 3994 1448 4066 eadem
1533 3999 1536 4036 ³

334 4086 518 4171 gauderent
547 4093 707 4183 libertate,
737 4115 803 4182 que
835 4098 933 4166 ceteri
947 4100 1075 4171 nobiles
1094 4103 1200 4192 Regni
1215 4103 1447 4192 perfruerentur

331 4194 392 4262 sub
409 4195 530 4266 uexillo
544 4199 648 4285 Regio
663 4201 851 4275 militantes.
873 4205 1027 4278 Secunda
1041 4209 1179 4297 predicti
1196 4211 1329 4283 Comitis
1359 4206 1444 4279 Pauli

330 4303 366 4370 iu
378 4304 582 4392 Wyssegrad
599 4311 659 4378 stb.

449 4503 538 4564 (XIV.
557 4504 669 4558 suendi
689 4505 827 4560 outonem
847 4507 985 4564 itelehuek
1004 4513 1109 4569 medeci
1127 4519 1338 4592 pddtnysbol.)

759 4705 1026 4721 ...q—...-

1532 4043 1535 4098 l

1533 4221 1535 4268 u

1533 4355 1535 4438 l

1533 4440 1535 4485 l

1528 4605 1535 4650 l
