3160 5200
278 543 429 612 Lodinlsi
447 550 480 612 st
495 543 720 612 Viceiudicum
746 547 891 614 eiusdem
908 547 1022 613 ordine
1032 545 1207 632 judiciario
1224 549 1421 631 requisitam
1467 611 1472 618 .

281 650 467 737 etsopitam
493 649 717 720 suscitassent.
749 653 790 717 Et
806 653 884 737 quis
914 652 1001 720 idem
1032 653 1176 722 Thomas
1207 653 1310 722 irater
1340 677 1425 724 suus

281 765 448 842 tamquam
481 759 630 826 conscius
660 757 709 824 sni
725 758 869 825 criminis
886 779 908 824 o
918 759 1020 842 Regia
1036 757 1208 827 Prosencia
1223 763 1417 830 recessisset

281 865 432 950 tugitiue,
451 865 621 950 ipsumque
638 863 795 931 Comitem
812 864 954 948 Petrum,
985 873 1080 951 prout
1110 869 1180 952 ipse
1208 867 1296 934 idem
1329 869 1421 935 altir-

282 972 404 1054 mabat,
436 991 494 1056 pro
528 969 709 1039 huiusmodi
734 971 858 1040 notorio
875 972 1063 1057 calumpnie
1081 973 1162 1042 vicio
1180 971 1332 1041 domiuus
1348 977 1422 1043 Rex

282 1078 387 1146 eidem
405 1077 521 1145 Comiti
548 1079 686 1145 Martino
718 1087 883 1162 tamquam
915 1079 1024 1146 Judici
1057 1079 1102 1146 ad
1133 1079 1313 1147 assandum
1345 1101 1418 1148 cum

283 1185 368 1252 ferro
401 1184 556 1252 candenti
587 1183 621 1251 in
652 1205 712 1251 sua
743 1184 838 1271 facie,
871 1187 1144 1270 quemadmodum
1174 1189 1206 1253 in
1233 1186 1418 1255 huiusmodi

280 1291 465 1377 calumpnia
482 1291 566 1360 vicio
583 1293 721 1359 conuicti
745 1293 838 1359 iuxta
863 1294 968 1377 Regni
998 1293 1267 1362 cousuetudinem
1298 1316 1420 1380 appro·

282 1401 394 1467 butum
425 1399 548 1484 signari
580 1398 710 1484 debent,
728 1406 857 1485 ceptum
889 1400 1097 1481 tradidisset;
1122 1421 1180 1485 pro
1197 1419 1264 1483 qua
1285 1402 1421 1485 quidem

281 1507 463 1575 associonis
480 1512 557 1574 notu
572 1506 661 1573 idem
687 1505 804 1576 Comes
836 1510 959 1593 Petrus,
991 1528 1033 1575 ne
1064 1508 1249 1574 huiusmodi
1283 1509 1423 1594 turpitu-

280 1613 388 1680 dinem
420 1615 454 1679 in
486 1614 572 1680 facie
603 1614 672 1680 eius
704 1614 737 1679 in
752 1633 845 1681 suum
863 1614 1072 1698 opprobrium
1091 1615 1324 1699 sempiternum
1341 1635 1424 1700 snp-

279 1729 435 1808 portaret,
467 1721 630 1804 quondum
671 1741 908 1804 possessionem
950 1743 1041 1790 suam
1082 1743 1145 1788 non
1179 1730 1321 1804 coactus,
1356 1741 1420 1787 nec

280 1830 473 1915 compulsus,
491 1827 572 1893 Vdol
588 1833 746 1914 vooomm,
763 1828 795 1894 in
813 1826 975 1895 Comitatu
992 1829 1157 1896 Borsieusi
1174 1829 1267 1894 iuxta
1282 1828 1420 1894 fluuium

282 1935 400 2020 Geron,
417 1952 489 2001 cum
508 1934 616 2002 insula
646 1955 708 2019 que
737 1943 786 2002 est
817 1934 850 2001 in
880 1934 962 2020 ipsis
993 1935 1088 2020 aquis
1119 1937 1239 2021 Geron,
1272 1941 1307 2002 et
1338 1935 1421 2018 alijs

280 2040 475 2109 utilitatibus
506 2061 551 2110 uc·
576 2041 790 2130 pertinencijs
822 2041 966 2109 eiusdem
999 2043 1168 2128 vniuersis‚
1198 2042 1259 2109 sub
1293 2041 1422 2109 eisdem

281 2149 376 2216 metis
394 2154 426 2216 et
441 2148 595 2230 terminis,
613 2148 674 2216 sub
689 2149 807 2234 quibus
834 2171 892 2237 per
924 2150 1062 2218 eundem
1096 2151 1250 2218 Comitem
1284 2151 1420 2216 Petrum
1522 2133 1528 2142 ⁹

279 2255 391 2323 habite
422 2255 523 2324 tuisse
539 2254 714 2322 dinoscitur
730 2264 762 2322 et
776 2275 940 2343 possessa,
959 2277 1017 2341 pro
1034 2256 1180 2325 ducentis
1206 2265 1238 2322 et
1254 2257 1421 2341 quinqua·

280 2366 373 2449 ginta
388 2362 505 2430 marcis
521 2362 647 2446 argenti
664 2361 834 2446 Budensis,
850 2363 884 2429 in
902 2363 1017 2445 quibus
1037 2362 1124 2429 idem
1156 2363 1275 2430 Comes
1306 2363 1421 2428 lierti-

279 2490 341 2536 nus
357 2471 463 2554 ipsum
481 2466 636 2534 Comitem
653 2471 783 2535 Petrum
800 2468 834 2534 in
861 2469 1013 2554 porcione
1029 2490 1090 2536 sus
1106 2475 1201 2554 prout
1211 2469 1339 2553 judicis
1355 2488 1417 2552 pro

280 2576 446 2644 lucrosum
477 2574 636 2661 premisso
668 2576 919 2643 misericorditer
950 2577 1116 2642 relaxanit
1147 2596 1248 2660 usque
1281 2583 1422 2643 octonas

280 2685 373 2752 Beati
406 2681 540 2766 Georgij
573 2683 716 2748 martiris
741 2685 887 2769 proxime
902 2690 1056 2750 venturus
1073 2683 1176 2752 eidem
1194 2683 1313 2752 Oomiti
1330 2683 1414 2748 blar-

281 2792 350 2858 tinc
367 2789 496 2876 pignori
512 2789 671 2874 obligauit
701 2789 760 2856 tali
791 2790 885 2857 modo
902 2815 910 2855 ε
930 2791 1017 2874 quod
1048 2793 1076 2858 si
1108 2791 1142 2858 iu
1173 2791 1254 2877 ipsis
1287 2790 1416 2857 octams

283 2899 390 2966 dictas
425 2897 579 2966 ducentes
597 2905 629 2962 et
645 2898 884 2982 quinquadiuta
900 2918 1029 2966 marcas
1044 2919 1104 2984 pro
1119 2900 1348 2985 redempcione
1363 2899 1416 2964 de·

185 3055 190 3060 -
281 3005 350 3074 bite
367 3005 579 3090 possessionis
595 3003 690 3088 Vdol,
707 3025 803 3089 quam
834 3007 879 3072 ad
910 3027 946 3073 se
977 3008 1082 3092 ipsum
1116 3010 1232 3090 solum,
1262 3005 1417 3090 exceptis-

281 3112 357 3198 slijs
373 3111 659 3200 propinquioribus
675 3117 708 3178 et
721 3113 991 3197 generacionibus
1009 3115 1076 3182 suis
1095 3113 1223 3182 dicebat
1238 3113 1417 3198 pertinere,

279 3217 316 3288 in'
331 3227 469 3303 argento
493 3217 729 3287 mercimonisli
745 3219 789 3285 ud
808 3219 970 3287 racionem
1001 3220 1183 3289 Budensem
1215 3220 1321 3287 eidem
1354 3219 1414 3284 Go-

282 3327 352 3394 miti
382 3325 521 3394 Murtino
536 3327 586 3395 sol
602 3351 617 3392 n
631 3345 666 3394 rc
680 3346 746 3394 nun
762 3334 872 3412 posset
897 3347 1004 3394 euram
1021 3330 1137 3414 nobis;
1161 3335 1279 3396 extunc
1297 3325 1413 3393 eadem

281 3433 444 3521 possessio
468 3431 555 3502 Vdol
587 3453 660 3500 cum
691 3434 841 3501 omnibus
873 3433 1069 3502 utilitatibus
1098 3435 1166 3502 suis
1196 3434 1263 3520 ipsi
1294 3431 1413 3500 Comiti

278 3541 418 3608 bisurtino
451 3539 677 3609 deuolueretur
707 3540 926 3628 perempniter
956 3541 1165 3627 possidendo.
1181 3539 1292 3608 Voluit
1308 3539 1411 3605 eciam

281 3647 367 3718 idem
386 3648 501 3716 Comes
516 3648 642 3734 Petrus,
659 3648 745 3734 quod
761 3649 789 3717 si
805 3649 839 3715 in
849 3650 930 3735 ipsis
949 3649 1075 3717 octonis
1091 3651 1196 3734 ipsum
1212 3647 1412 3716 solucionem

282 3756 492 3823 ducentorum
509 3761 542 3823 et
556 3755 859 3840 quinquagintarum
885 3776 1067 3824 marcarum
1083 3757 1194 3824 iacere
1208 3775 1272 3821 nou
1289 3759 1415 3838 posset,

279 3883 378 3948 super
393 3863 644 3949 perpetuncione
660 3862 746 3931 dicte
761 3864 976 3950 possessionis
996 3863 1082 3932 Vdol
1098 3862 1267 3949 sepedicto
1294 3859 1413 3927 Comiti

278 3969 427 4056 Martino,
444 3968 706 4037 contradiccioue
721 3971 937 4055 quorumlibet
947 3973 1183 4059 nonobstante,
1200 3968 1412 4054 priuilegium

278 4083 434 4164 nostrum,
451 4075 540 4143 nullo
555 4076 620 4143 alio
636 4096 797 4146 consensu
812 4097 913 4163 super
928 4078 989 4145 hoc
1018 4079 1185 4164 requisito,
1217 4074 1292 4143 dari
1324 4074 1413 4140 isce-

278 4202 395 4250 remus.
426 4183 518 4251 Dixit
548 4185 652 4252 eciem
685 4185 770 4254 idem
786 4187 902 4253 Comes
922 4185 1051 4271 Petrus,
1068 4194 1102 4252 rt
1118 4185 1291 4254 terminum
1307 4179 1410 4268 ipsius

279 4289 456 4359 solucionis
472 4310 530 4376 pro
547 4311 594 4378 eo,
620 4291 698 4377 quia
728 4291 814 4360 idem
848 4293 964 4361 Comes
994 4293 1154 4362 Martinus
1185 4299 1253 4359 tum
1284 4286 1412 4376 grunde
1553 4370 1564 4383 ι

277 4395 397 4479 iactum
428 4398 492 4468 sibi
518 4401 550 4467 iu
567 4407 634 4468 tum
649 4400 775 4468 modico
790 4399 1043 4469 misericorditer
1058 4400 1221 4470 relaxarit
1234 4421 1244 4485 ;
1260 4417 1323 4467 nec
1337 4415 1411 4464 cum
1525 4431 1534 4436 -

274 4507 396 4574 litteris
411 4505 534 4575 domini
548 4509 658 4594 Regis,
675 4529 735 4578 nec
750 4508 880 4578 domiue
894 4509 1030 4596 Regius
1061 4531 1123 4580 nec
1152 4509 1283 4578 racione
1316 4523 1406 4574 exer-

51 4663 124 4680 m„
279 4610 373 4697 citus,
399 4631 458 4680 seu
473 4611 551 4697 alijs
566 4616 751 4683 nacionibus
768 4615 934 4699 aliquibus
948 4617 1071 4686 faceret
1088 4615 1269 4706 prorogari.
1287 4617 1411 4682 Datum
