3194 5196
886 267 1086 372 Μ.

838 387 989 404 m

353 499 445 572 (ibon
460 503 620 588 nonatum,
639 496 886 585 unm‘pumerio
901 503 934 567 et
962 497 1109 571 sessione
1139 517 1211 589 suu,
1241 495 1277 570 iu
1308 517 1377 587 qus
1405 496 1477 590 ipse
1594 537 1596 560 2

351 611 467 680 comes
497 607 625 677 Moobis
654 603 829 691 residebat,
869 607 1084 693 eoutnleruut,
1124 606 1284 678 dederuut
1314 614 1348 678 et
1378 605 1476 681 dunu-
1594 607 1596 676 ζ

351 718 469 786 uerunt
486 714 633 786 Eeelesie
662 715 764 784 Beate
794 713 938 802 Virginis
968 714 1011 783 de
1041 711 1190 785 Borslred
1218 717 1292 784 inre
1323 724 1478 804 perpetuo

352 823 487 913 penitius
524 829 558 892 et
573 820 682 910 quiete
713 819 977 892 inreunoabiliter
1000 819 1241 911 possidendam.
1256 821 1328 892 Hoe
1343 823 1481 904 abieoto,

297 1243 300 1252 ³
356 1153 437 1236 tnta,
455 1145 554 1232 ijdem
585 1145 714 1214 bloobia
734 1143 859 1226 Comes,
889 1145 1007 1214 Paulus
1023 1151 1057 1214 et
1087 1143 1340 1232 (lothariorum
1371 1165 1483 1214 eornm

356 1253 493 1324 heredes
508 1249 726 1336 heredumque
742 1271 852 1322 eorum
867 1270 1067 1321 subsessores
1082 1257 1234 1323 tenentur
1247 1252 1355 1339 ipsam
1370 1253 1484 1323 lleule·

344 1359 478 1464 'siema
501 1359 752 1430 molestantibus
779 1357 931 1428 omuibus
961 1357 1116 1446 expedire
1145 1360 1285 1449 propriis
1315 1360 1484 1432 laboribus
1594 1367 1596 1434 J

356 1474 389 1537 et
405 1465 567 1556 expensis.
597 1464 718 1536 Gnrsus
748 1471 857 1536 sutem
887 1473 1045 1535 metsrnm
1074 1465 1180 1555 ipsam
1209 1474 1329 1536 terrum
1349 1467 1486 1540 eirenm-
1594 1497 1596 1552 ;

356 1575 506 1644 daneium
522 1581 554 1644 et
568 1571 782 1644 ambientium
797 1570 859 1642 hoo
874 1571 987 1642 ordine
1012 1573 1232 1660 distinguntur
1248 1599 1257 1642 u
1274 1575 1363 1661 qnod
1378 1575 1486 1663 prima
1594 1621 1596 1684 3

356 1688 445 1753 meta
473 1679 588 1769 insipit
616 1681 709 1748 iuxta
738 1697 859 1766 equum
888 1679 1038 1749 Burmann
1067 1686 1228 1770 numum,
1258 1679 1313 1750 rbi
1328 1688 1407 1750 saut
1424 1701 1485 1749 sex

357 1798 443 1860 mete
459 1789 605 1875 antique,
619 1785 661 1856 de
686 1805 751 1872 qus
780 1785 841 1855 ibit
870 1785 917 1854 ad
946 1808 1044 1856 mum
1074 1787 1209 1873 vallem,
1221 1788 1258 1856 in
1287 1807 1354 1874 qua
1384 1788 1487 1857 nurui
1594 1795 1596 1798 ’

349 1898 401 1986 Ιιιᾱ
431 1903 558 1986 purtem
590 1892 900 1980 septemtrionalem,
943 1893 986 1963 de
1017 1914 1082 1981 qus
1115 1895 1251 1964 diuertit
1281 1893 1409 1964 direete
1440 1893 1487 1963 ssi

358 2006 524 2089 orientem,
540 2010 573 2071 et
588 2001 687 2070 eurrit
701 2019 761 2087 per
777 2000 872 2072 binas
887 2007 919 2068 et
941 1999 1038 2071 binus
1061 2007 1165 2073 metus
1194 2022 1298 2090 reque
1327 2023 1487 2090 magnam
1594 2053 1596 2098 ,

348 2114 458 2201 siam,
488 2110 544 2180 nbi
575 2107 778 2195 eoniungitor
809 2108 904 2177 terris
936 2109 1082 2178 eiusdem
1100 2109 1235 2180 Comitis
1250 2109 1381 2180 blnebia
1396 2109 1486 2178 l‘oolr
1594 2129 1596 2196 3

177 1003 181 1010 ,
235 930 277 1034 ,¹
353 930 440 1019 quorl
454 930 484 999 si
499 948 656 1020 praeessu
670 927 827 1017 temporis
853 927 981 1014 prelata
1012 929 1160 1002 Euulesia
1189 929 1330 1002 moinus-
1352 951 1481 1020 posses
1592 943 1596 1018 ζ

353 1039 457 1110 sionis
472 1057 530 1108 sus
544 1037 609 1107 sibi
632 1036 751 1106 donate
766 1057 788 1106 u
803 1055 966 1125 quoquam
982 1036 1079 1106 luerit
1093 1037 1268 1108 molestato
1280 1059 1341 1108 seu
1355 1036 1482 1124 iuquie-
1594 1047 1595 1052 ’

358 2217 570 2309 nononpalis3
593 2215 766 2303 dequibus
781 2216 899 2286 transit
913 2217 957 2286 sd
981 2217 1159 2306 meridiem,
1176 2225 1209 2288 et
1237 2217 1397 2286 unrrendo
1427 2237 1487 2306 per
1589 2227 1594 2234 “

358 2348 511 2414 magnum
541 2325 627 2394 viam
660 2322 783 2392 enebris
814 2323 908 2392 metis
938 2361 983 2372 -
998 2358 1040 2376 -·
1057 2365 1102 2378 -
1117 2325 1162 2395 sd
1176 2329 1280 2394 metas
1294 2323 1485 2412 segniores,
1594 2311 1596 2350 ³

358 2435 413 2504 rbi
428 2433 598 2521 unpulatur
613 2431 708 2500 terris
723 2429 852 2500 blochiu
868 2438 900 2499 et
923 2431 1060 2500 fratrum
1075 2453 1205 2502 suorum
1235 2430 1329 2502 Chen
1361 2451 1488 2500 nunau-

357 2540 461 2630 potis,
485 2537 527 2607 de
556 2536 674 2624 quibus
688 2535 838 2606 similiter
867 2556 925 2624 per
953 2539 1048 2608 binas
1064 2539 1206 2610 mbinss
1221 2535 1387 2610 metm-eu
1400 2537 1487 2606 osui·
1594 2539 1596 2630 J

358 2649 499 2732 dentem,
530 2653 564 2714 et
592 2646 628 2714 iu
657 2646 722 2713 fine
751 2663 773 2712 r
804 2679 844 2695 —
861 2681 906 2694 --
922 2683 966 2706 —.-
981 2679 1026 2693 -·
1055 2647 1155 2735 snbyt
1184 2665 1304 2732 squsm
1335 2645 1488 2714 Bnmsss
1594 2631 1596 2662 ³

284 2763 290 2770 '
358 2753 581 2845 prescriptam,
612 2753 647 2820 iu
663 2751 757 2822 unius
788 2753 883 2821 alueo
913 2752 1009 2840 redyt
1038 2750 1083 2820 ud
1098 2758 1202 2822 metm
1217 2753 1353 2840 priores,
1373 2752 1487 2837 ibique

324 2872 328 2880 ’
358 2862 561 2936 terminatur.
578 2861 619 2928 nt
635 2861 709 2946 ipsa
724 2860 889 2944 possessio
906 2865 976 2929 tota
991 2860 1129 2948 apiago
1160 2859 1368 2928 meridiousli
1399 2861 1489 2931 (lietu

359 2971 506 3040 Erelesie
536 2973 752 3059 peremnstur,
785 2969 829 3035 sb
858 2968 1011 3054 aquilone
1041 2989 1119 3037 reru
1150 2967 1269 3038 comiti
1298 2969 1430 3038 lloolria
1454 2976 1488 3038 et

357 3079 510 3148 iratribus
525 3078 593 3148 suis
608 3080 795 3146 remanente
804 3082 837 3144 st
847 3075 992 3145 sedente.
1008 3077 1160 3146 Pretsreu
1175 3076 1209 3144 iu
1223 3077 1318 3146 mris
1332 3076 1486 3147 Ablaulnu

357 3193 477 3256 uooata
505 3183 665 3273 adipsum
682 3183 774 3254 Obnn
789 3183 1036 3272 pertinentibus,
1060 3180 1222 3268 quoddam
1239 3191 1380 3274 pratum,
1398 3186 1488 3270 quorl

357 3294 477 3364 dietum
494 3299 543 3362 est
556 3292 705 3363 sullieers
727 3312 787 3379 pro
816 3291 931 3361 (leuem
962 3289 1140 3375 imeustrb,
1171 3289 1307 3359 donsub
1336 3293 1488 3362 Boulesie

358 3399 565 3488 sepesoripte.
596 3399 754 3485 vergitur
783 3399 1022 3486 ipsaliuolesia
1051 3419 1124 3468 oum
1143 3398 1408 3487 possessionibus
1423 3401 1490 3470 sibi
1594 3449 1596 3492 ,

358 3506 488 3576 donatis
520 3505 676 3594 gandeat,
705 3507 887 3592 gratuletur
916 3513 950 3574 et
979 3513 1135 3594 perpetuo
1174 3505 1245 3576 iure
1273 3505 1412 3596 mnam,
1443 3507 1491 3576 nrl
1589 3521 1596 3552 ³

356 3615 553 3684 instanciam
583 3619 617 3684 et
632 3613 828 3701 petieionem
857 3615 1006 3700 peruium
1035 3633 1172 3702 presens
1199 3615 1357 3702 sreiptnm
1373 3621 1490 3685 oontn·
1595 3695 1596 3704 ἦ

356 3722 454 3792 limus
470 3729 581 3793 nostro
598 3720 708 3810 sigillo
724 3721 963 3792 communitum
980 3721 1120 3791 Domino
1138 3722 1276 3798 Niuolso
1305 3723 1490 3812 Proposito,
1594 3737 1596 3796 l

357 3831 478 3899 Onumn
507 3829 657 3918 Custode,
689 3829 793 3898 'l'omn
823 3828 976 3918 (lentore,
1007 3829 1145 3898 Nionluo
1173 3829 1307 3899 Deoano
1341 3829 1491 3901 Enelesie
1594 3873 1596 3914 :

357 3945 469 4008 nostro
494 3937 727 4025 existentibus;
750 3957 836 4007 suun
867 3937 910 4007 ab
941 3936 1177 4008 Ineurnsuinoe
1206 3935 1339 4010 Domini
1368 3937 1490 4008 istoc·

357 4045 570 4134 nonagesimo
585 4066 680 4119 nonu.

357 4245 501 4309 (Eredetie
518 4245 702 4313 bbrhartytu,
727 4245 849 4314 aroggu
867 4244 964 4312 penset
981 4247 1133 4314 elveszstt3
1151 4261 1170 4300 a
1192 4245 1280 4303 numi
1290 4245 1347 4301 kir.
1358 4245 1491 4304 hmsrsi

825 4335 1022 4403 leveltbrbuu.)

1591 4023 1596 4134 l

1592 4139 1596 4176 l

1593 4179 1596 4338 l
