3194 5196
805 339 968 448 Q

323 535 418 610 aoso
432 533 777 610 iisrtiuiooniessoris
807 531 1036 626 predictarum,
1065 559 1152 609 auno
1183 537 1318 610 Domini
1351 539 1450 608 mitte-

264 724 268 732 ,
324 645 407 718 simo
421 645 647 718 treeentesimo
663 647 931 734 quinquagesimo
957 647 1108 735 septimo.

324 845 465 916 madetis
489 845 673 920 desumpto,
704 846 770 900 sold
799 849 1038 914 salpemzsindron
1069 851 1157 924 ffissdii
1189 847 1284 916 peesdt
1313 850 1406 916 stuttp
1436 863 1453 900 s

627 938 714 994 nuum
732 938 786 990 kin.
804 939 932 992 kamarai
950 939 1144 1004 levtltirbnu.)
1345 937 1348 944 ’

754 1225 1022 1244 mna.

856 1775 932 1850 oto.

329 1971 361 2044 Α
390 1973 598 2068 aapyodrudi
621 1975 846 2064 iedptuionnois
870 1975 1133 2065 dizonpsdplsoeie
1162 1973 1310 2064 ttzoopos
1340 1971 1460 2042 dis-tois·

329 2085 477 2170 maeret,
493 2085 573 2173 meip
588 2081 732 2154 Zolunas'
747 2085 880 2171 Motetp
897 2087 928 2151 eis
954 2085 1075 2172 Durup
1106 2085 1262 2152 comeonsis
1286 2083 1359 2174 fiai
1389 2083 1460 2156 teas

771 2193 900 2261 torrent.
917 2189 1016 2261 1300.

437 2389 621 2476 Capitulum
653 2389 799 2458 Euelesie
815 2389 1039 2460 waradiensis
1055 2392 1204 2459 omuibus
1220 2387 1343 2458 Christi
1358 2388 1459 2458 fideli·

329 2501 391 2570 bus
422 2501 604 2583 presentem
640 2498 796 2584 peginam
836 2499 1031 2584 inspecturis
1070 2499 1209 2568 sulutem
1248 2497 1284 2566 in
1315 2497 1459 2566 omnium

332 2606 505 2675 minatore.
537 2603 590 2672 Ad
619 2606 845 2674 uniuersorum
876 2607 1037 2675 notioiam'
1062 2606 1178 2675 harum
1208 2605 1292 2673 serie
1310 2607 1462 2674 uolumus

187 2765 191 2773 .
331 2712 513 2802 peruenire,
529 2712 616 2796 quod
631 2713 802 2798 Myehaele
819 2713 886 2781 filio
901 2714 1039 2801 NyooIai
1054 2712 1096 2780 de
1126 2713 1250 2780 Zoluuu
1267 2712 1310 2779 de
1342 2734 1463 2798 genere

333 2819 457 2890 Vrunut
487 2822 530 2889 ab
546 2843 611 2890 usna
642 2829 745 2908 porte,
779 2823 961 2891 Laureneio
991 2827 1022 2890 et
1038 2821 1186 2908 Nyoolao
1201 2821 1374 2908 Magistris
1389 2821 1463 2906 filijs

333 2927 467 2998 domitis
483 2931 598 3016 Durng
614 2949 671 3016 pro
688 2948 725 2998 se
739 2933 772 2998 et
787 2951 845 3017 pro
862 2931 977 3014 Durug
992 2929 1059 2998 filio
1076 2929 1210 2997 Comitis
1240 2927 1331 2996 Petri
1361 2931 1464 2997 fratre

332 3055 441 3104 eorum
473 3039 515 3106 ab
546 3037 651 3105 attera
681 3055 792 3106 coram
816 3037 910 3105 nobis
925 3037 1143 3122 personaliter
1159 3035 1354 3124 eonstitutis,
1373 3034 1462 3106 idem

332 3141 483 3231 Mpohsel
498 3143 654 3230 quasdam
671 3146 889 3231 possessiones
906 3163 983 3213 suas
999 3145 1127 3230 Begeoh
1143 3150 1176 3213 et
1190 3143 1309 3230 Kupeh
1325 3151 1464 3212 uoontas

333 3251 368 3318 in
384 3237 553 3320 comitotu'
563 3251 603 3319 de
618 3250 747 3319 Zololeh
763 3251 799 3316 in
815 3253 885 3340 Nyr
901 3251 1079 3320 existentes
1097 3271 1234 3339 uacuas,
1250 3271 1308 3338 per
1326 3252 1464 3319 eundem

335 3377 395 3446 pro
411 3358 584 3444 sexaginta
600 3361 717 3427 mareis
733 3360 863 3444 argenti
880 3360 961 3446 ipsis
977 3359 1053 3444 fitijs
1085 3358 1218 3427 Comitis
1249 3359 1367 3442 Durng
1397 3360 1466 3447 pig·

335 3465 403 3535 uori
435 3465 563 3536 fuerant
594 3468 761 3552 obligate:
788 3475 821 3536 et
851 3470 929 3554 quia
968 3467 1091 3537 eisdem
1138 3465 1312 3552 sexaginta
1344 3470 1466 3536 mareis

337 3575 480 3663 mayoris
496 3582 589 3644 eraut
601 3575 723 3644 nuloris
740 3595 798 3644 seu
813 3575 916 3663 pluris
931 3575 1043 3662 preeij,
1060 3595 1120 3642 neo
1134 3594 1194 3661 per
1211 3577 1318 3661 ipsum
1334 3573 1467 3662 Myous·

336 3683 418 3754 elem
436 3683 551 3751 redimi
582 3688 749 3771 poterant5
772 3685 847 3752 ideo
873 3685 906 3752 iu
924 3683 1146 3752 addimentum
1162 3701 1221 3751 seu
1237 3683 1466 3751 oonoambium

337 3791 513 3861 earundem
528 3791 629 3878 ijdem
645 3791 701 3877 fiiij
720 3793 855 3861 Comitis
881 3795 997 3877 Durug
1029 3789 1193 3876 quondam
1223 3793 1469 3876 possessionem

336 3900 510 3969 eorundem
542 3899 691 3969 similiter
730 3900 964 3968 hereditariam
1005 3899 1197 3982 Keurnsneg
1238 3904 1403 3985 noestam,
1435 3905 1469 3967 nt

337 4007 500 4098 dixerunt,
516 4009 550 4076 in
567 4005 680 4078 eodem
697 4007 860 4078 comitato
877 4009 918 4077 de
948 4007 1092 4077 Zoboluh
1125 4009 1330 4094 existentem,
1363 4005 1468 4076 eidem

337 4113 500 4204 Myehaeli
532 4121 564 4184 et
595 4115 838 4203 posteritatibus
868 4115 973 4204 ipsius
1004 4115 1134 4184 dedisse
1150 4120 1225 4184 sunt
1239 4113 1384 4183 confessi
1400 4135 1472 4201 per·

336 4229 435 4310 petuo
451 4222 691 4311 possidendam,
716 4225 851 4311 prefatis
868 4225 1129 4311 possessionibus
1143 4221 1274 4309 Begeoh
1291 4229 1324 4290 et
1349 4219 1469 4309 Kupoh

337 4331 511 4420 appellatis
542 4331 624 4419 ipsis
652 4331 728 4416 fitijs
759 4331 892 4400 domitis
917 4335 1033 4418 Durug
1048 4341 1080 4402 et
1098 4332 1338 4401 suecessoribus
1355 4349 1470 4398 eorun-
1593 4399 1595 4450 Ξ

338 4439 412 4507 dem
429 4445 585 4528 perpetuo
601 4441 770 4511 douointia
788 4441 1046 4528 Assumpmendo
1063 4463 1099 4510 se
1115 4441 1214 4531 ijdem
1239 4437 1299 4530 filij
1332 4439 1468 4507 Comitis

338 4549 452 4630 Durug
466 4547 598 4615 rasione
613 4547 759 4633 prediote
774 4547 991 4635 possessionis
1018 4567 1077 4634 per
1106 4545 1195 4633 ipsos
1226 4543 1313 4633 date,
1346 4545 1468 4612 dietum

337 4651 559 4739 Mpohaelem5
584 4659 616 4722 et
634 4653 721 4722 idem
745 4655 895 4741 Myehael
926 4655 1099 4726 oeensioue
1128 4655 1373 4741 possessionum
1406 4673 1465 4748 por
