3096 5202
557 1131 690 1200 'm

85 1331 237 1398 &ratde
277 1329 434 1414 kirolpal
463 1327 582 1394 Bolon
612 1327 774 1416 bdysdpel,
809 1327 891 1413 urcly
923 1325 1037 1390 Miris
1069 1312 1221 1410 kindins&

1 1425 2 1516 J
85 1433 309 1524 pwuacedbdl
323 1434 454 1502 Babucc‘
474 1433 866 1521 TiccdcrtolJoprclaccl
898 1434 1057 1518 elodlctctt,
1087 1429 1219 1498 Sdodor

261 1551 381 1625 meam,
400 1539 547 1608 Tc‘oodar
556 1541 680 1624 flonak
696 1542 781 1628 udja
795 1543 911 1609 obsco.
937 1542 1036 1604 1280.

1 1834 2 1845 ἵ
197 1733 376 1822 Elyaabetb
389 1737 449 1803 Dei
466 1736 578 1821 gracia
593 1736 720 1821 Regina
740 1737 908 1822 Huugarie
922 1735 1083 1804 vuiuersis
1098 1733 1216 1803 Christi

1 1909 2 1933 ,
80 1847 237 1914 fidelibus
252 1849 320 1912 tam
337 1845 544 1927 presentibus
577 1863 675 1928 quam
708 1842 825 1912 foturis
856 1844 994 1912 salutem
1013 1842 1046 1909 in
1078 1843 1217 1909 Domino

1 1961 2 2005 l
81 1955 332 2038 sempiternam.
363 1950 490 2018 Justum
522 1957 618 2020 estet
649 1957 900 2020 consentaneum
931 1951 1078 2036 enuisti,
1093 1954 1128 2017 ut
1145 1951 1217 2017 iura
1332 2027 1339 2034 ‚

1 2079 2 2151 ξ
80 2061 323 2142 subiectorum,
338 2076 402 2143 que
433 2059 563 2126 fueraut
592 2058 677 2126 mole
707 2059 856 2144 potencie
886 2058 940 2125 uel
970 2059 1217 2144 suggerendum

1 2157 2 2245 ἶ
80 2165 227 2235 malicia
241 2172 410 2252 occupata,
431 2165 568 2232 ueritate
586 2165 715 2249 cognita
730 2163 848 2233 cedant
864 2165 973 2234 omnia
987 2165 1117 2234 veritati
1133 2163 1215 2232 iuris

79 2272 226 2360 pristino
242 2277 437 2339 restaurato.
454 2272 594 2340 Proinde
610 2273 653 2338 ed
672 2272 895 2340 uniuersorum
917 2271 1069 2340 noticiam
1101 2273 1214 2338 harum

78 2381 170 2450 serie
204 2380 353 2446 volumus
378 2379 557 2464 peruenire,
572 2378 660 2462 qnod
680 2379 843 2462 accedens
856 2379 900 2446 ad
919 2387 1063 2446 nostram
1084 2399 1214 2465 presen-

1 2473 2 2552 ζ
78 2489 168 2556 ciant
186 2485 343 2570 Magister
360 2484 548 2552 Alexander
563 2485 648 2553 filius
678 2485 818 2554 Teuduri
833 2486 875 2554 dc
904 2487 1020 2553 Babun
1039 2487 1080 2553 dc
1110 2485 1212 2553 Comi·

77 2602 153 2663 tatu
176 2591 387 2680 symigiensi,
420 2591 512 2660 nobis
543 2593 707 2660 humililer
742 2594 924 2680 duplicauit,
955 2602 990 2661 ut
1009 2591 1213 2662 medietatem

1 2693 3 2779 ᾖ
76 2710 166 2770 terre
198 2718 258 2767 sue
288 2699 402 2767 Babun
432 2698 628 2766 hereditarie
643 2700 684 2767 ad
710 2701 774 2768 tria
804 2709 925 2789 aratra,
956 2720 1053 2784 quam
1084 2697 1216 2768 domina
1334 2717 1336 2724 ’

76 2809 188 2875 diaria
219 2807 358 2892 Regina,
390 2805 553 2888 quondam
586 2825 721 2875 consors
753 2807 857 2876 incliti
888 2807 987 2890 Regis
1019 2807 1098 2874 Bele
1128 2807 1214 2875 clarc

77 2915 248 3000 memorie,
263 2912 488 3000 potencialiter
503 2914 667 2981 attulerat
681 2935 703 2981 a
717 2911 865 2982 Teodoro
885 2920 980 2998 patre
995 2933 1065 2998 suo,
1081 2919 1113 2979 et
1138 2931 1213 2978 eon-

75 3020 302 3088 dicioualibus
333 3016 558 3106 Reginalibus,
591 3021 659 3087 vini
693 3022 822 3090 scilieet
855 3019 1022 3089 datoribus
1052 3017 1211 3088 adustum
1256 3091 1258 3102 γ

1 3204 2 3228 χ
74 3129 261 3196 eorundem
276 3128 401 3196 iecerat
416 3129 592 3213 assignari,
609 3127 672 3196 sibi
688 3128 813 3197 restitui
845 3128 1044 3214 benignitate
1060 3135 1093 3196 et
1123 3147 1211 3193 mau-

1 3231 2 3234 ’
73 3235 257 3304 suetudine
288 3233 401 3300 debita
432 3234 621 3302 iacemus.
653 3235 720 3302 Nos
748 3235 860 3319 itaque
890 3235 1037 3302 nolentes
1056 3254 1098 3301 ex
1116 3233 1212 3301 officii

1 3396 2 3413 t
74 3345 180 3412 nostri
199 3340 309 3411 debito
326 3342 510 3424 aliquorum
529 3341 601 3409 iura
622 3343 675 3410 vel
707 3342 871 3410 iusticiam
902 3361 1108 3428 pergrauare,
1138 3361 1211 3408 cum

1 3459 2 3514 t
74 3459 249 3517 teneamur
280 3449 425 3533 singulos
458 3468 498 3515 ex
530 3447 667 3535 lastigie
699 3451 844 3535 suscepti
874 3449 1041 3535 regiminis
1074 3449 1108 3515 in
1150 3469 1211 3518 sua

1 3607 2 3646 ᾖ
74 3548 209 3624 iusticia
227 3573 432 3642 consemare,
454 3575 499 3622 ne
514 3553 586 3623 iura
603 3557 819 3639 quorumlibet
848 3554 991 3625 indebite
1022 3556 1212 3641 occupando
1265 3590 1275 3597 ·

73 3662 152 3730 inde
188 3669 379 3730 nasceretur
411 3663 549 3747 iniuria;
566 3662 649 3731 vnde
669 3662 783 3732 debuit
808 3685 866 3750 per
881 3662 1043 3750 legitimos
1060 3665 1208 3732 tramites
1315 3759 1317 3762 Ι
1427 3679 1432 3686 “

78 3769 343 3855 presumpcionis
360 3767 502 3836 audacia
517 3769 660 3837 cohiberi
675 3822 685 3857 ,
702 3769 883 3839 deliberato
898 3771 1035 3838 consilio
1064 3768 1209 3837 fidelium

74 3877 240 3942 Beronum
256 3883 452 3963 nostrorum,
463 3876 506 3942 ad
520 3877 714 3944 instanciam
732 3876 835 3946 eciam
852 3877 975 3944 domini
992 3875 1094 3944 nostri
1108 3877 1208 3962 Regis

73 3981 224 4067 illustris,
244 3983 403 4050 consortis
437 3983 539 4050 nestri
570 3983 747 4068 karissimi,
780 3985 865 4053 circa
895 3984 1161 4051 reformacionem
1178 3989 1211 4051 et

73 4087 316 4156 restitucionem
348 4085 534 4156 medietatis
566 4088 667 4174 ipsius
683 4094 768 4156 terre
794 4089 908 4157 Babun
923 4089 1074 4158 fidelibus
1089 4089 1207 4158 nostris

1 4199 10 4280 j
73 4195 225 4282 Capitale
242 4194 389 4284 Albensi,
406 4214 465 4262 nec
481 4214 547 4261 non
563 4195 736 4264 Nobilibus
751 4196 793 4263 de
818 4195 978 4264 Oomitatu
1008 4196 1206 4285 Syrnigiensi

1 4312 2 4368 t
73 4310 102 4367 ct
130 4303 301 4388 Tolnensi,
345 4303 578 4370 commetanels
621 4310 654 4371 et
695 4303 1020 4390 eomprouincialibus
1062 4306 1206 4374 eiusdem

1 4427 2 4468 t
73 4417 165 4497 terre,
182 4411 244 4479 sub
260 4408 421 4476 fidelitate
438 4417 471 4477 et
486 4407 551 4476 lide
567 4408 693 4478 Corone
709 4412 819 4477 debita
829 4409 977 4479 dedimus
987 4413 1020 4478 in
1031 4412 1207 4484 mandatis>

1 4526 2 4600 t
73 4523 106 4583 ut
140 4537 269 4584 omnem
300 4515 343 4582 de
374 4514 447 4601 ipso
478 4517 613 4599 negocio
643 4517 921 4602 perscrutabiliter
962 4519 1148 4603 inquisitam
1173 4527 1206 4588 et

73 4622 186 4690 scitam
202 4621 299 4689 nobis
315 4621 576 4690 transscibcrent
591 4623 770 4692 veritatem.
787 4623 850 4704 Qui
866 4623 997 4710 quidem
1019 4625 1205 4713 Capitulum

1 4743 2 4763 ¹
71 4727 208 4800 Albense
224 4730 363 4800 nobisiu
378 4731 446 4797 sais
462 4729 582 4800 litteris
599 4730 836 4819 rescripserunt
856 4730 889 4799 iu
900 4733 960 4800 beo
973 4733 1095 4803 uerba:
