3248 5206
23 905 26 956 l

23 991 25 1030 l

23 1241 25 1276 l

634 1149 664 1216 l.

23 1315 25 1344 l
89 1351 244 1418 [letardo
277 1351 392 1436 kirdly
422 1349 740 1415 keroadztetdrdoole
771 1347 931 1430 emittere,
962 1371 977 1413 s
1007 1347 1101 1433 atyja
1131 1345 1217 1410 leiki

23 1457 25 1588 ἑ
86 1461 218 1544 ιἰἀυεὲτί,
249 1482 290 1523 aa
315 1460 502 1544 ecaterpomi
530 1454 762 1628 kdptalarfflg
784 1455 866 1544 spel
896 1455 1051 1541 helyoepet
1080 1453 1212 1519 adoind-

23 1607 24 1612 ’
522 1585 652 1651 ogozza.
765 1613 770 1626 ,

23 1847 24 1854 ¹
190 1759 379 1848 Stephanus
395 1760 459 1827 Dei
475 1761 588 1846 gracia
613 1759 791 1845 Hungarie,
823 1755 1003 1846 Dalmaeie,
1035 1753 1213 1836 Growacie,

23 1865 25 1878 '
93 1873 198 1960 Rama,
215 1870 341 1956 Seruie,
358 1867 508 1954 Gallicis,
524 1866 728 1952 Lodomerie,
745 1867 910 1952 Cumanis,
921 1865 1215 1950 BelgariequeRex
1316 1879 1322 1888 ’

23 2043 24 2078 ,
94 1979 251 2047 uniuersis
268 1979 389 2046 Christi
404 1975 555 2045 fidelibus
572 1981 741 2061 presentes
756 1977 882 2044 litteras
906 1970 1100 2062 inspecturis
1132 1971 1216 2040 salu·

23 2079 24 2164 3
94 2088 204 2153 lumin
222 2105 270 2172 eo,
288 2085 345 2170 qni
362 2085 504 2168 Regibus
521 2083 581 2150 dat
596 2083 747 2151 salutem.
792 2083 873 2150 Cum
889 2081 1110 2150 ecclesiastice
1135 2080 1218 2146 utili⁴

94 2195 150 2262 tati
165 2193 344 2263 salubriter
360 2191 400 2259 dc
415 2193 510 2259 bonis
527 2191 761 2277 temporalibus
780 2211 928 2276 congrua
952 2190 1218 2258 consideracione

53 2299 57 2303 ’
96 2301 199 2388 Regia
214 2300 375 2390 prospicit
390 2297 577 2382 Oelsitud03
603 2297 665 2365 iuri
681 2299 783 2382 Regio
799 2319 857 2386 per
882 2298 943 2366 hoc
974 2299 1020 2365 nil
1052 2299 1219 2387 decrescit,

96 2429 167 2496 puro
184 2411 300 2495 pocius
316 2408 350 2475 id
366 2415 523 2494 augetur3
538 2425 610 2474 cum
627 2406 738 2474 taliter
755 2406 916 2492 faciendo,
931 2408 965 2474 in
983 2405 1082 2476 celsis
1092 2406 1220 2472 thesau-

23 2501 26 2612 ζ
97 2517 190 2583 rizari
206 2515 345 2600 dicatur,
360 2515 416 2584 ubi
432 2534 492 2582 nec
507 2513 597 2580 tinea
613 2511 796 2601 demolitur,
813 2533 872 2581 nee
887 2515 975 2581 fures
986 2513 1151 2598 effodiunt,
1168 2512 1222 2580 uel

98 2621 253 2691 furantur.
269 2622 413 2691 Proinde
429 2621 473 2688 ad
489 2620 710 2688 uniuersitatis
727 2628 835 2688 uestra
851 2621 1004 2688 noticiam
1014 2621 1129 2690 harum
1138 2621 1222 2688 serie

23 2745 24 2754 ³
98 2731 244 2798 uolumus
260 2729 446 2815 peruenire,
477 2727 566 2813 quod
591 2747 651 2794 nos
668 2727 730 2794 hac
761 2727 1042 2815 contemplacione
1071 2728 1221 2816 permoti,

23 2837 25 2900 Ξ
102 2855 171 2904 cum
189 2845 263 2923 post
277 2837 401 2906 obitum
418 2855 475 2904 seu
492 2835 668 2904 transitum
692 2835 805 2904 inclite
831 2837 1070 2905 recordacionis
1102 2836 1224 2904 domini

23 2935 25 2948 '
102 2945 200 3031 Regis
215 2945 294 3014 Bele
310 2945 429 3031 quarti,
444 2943 612 3012 karissimi
628 2944 786 3025 genitoris
802 2945 914 3027 nostri,
947 2947 1080 3032 plenum
1111 2945 1161 3012 ius
1193 2951 1226 3011 et

104 3053 247 3137 regimen
262 3052 368 3119 tocius
380 3051 486 3136 Regni
501 3051 668 3136 Hungarie
684 3051 753 3119 iure
769 3051 918 3138 geniture
933 3051 978 3119 ad
994 3073 1054 3120 nos
1069 3051 1224 3120 deuoluta

104 3159 245 3248 fuissem,
264 3179 342 3245 rege
357 3178 469 3243 regum
486 3164 519 3224 et
533 3159 665 3226 domino
676 3158 917 3227 dominauoiom
927 3160 1107 3244 largiente3
1124 3179 1226 3244 quan·

106 3266 178 3335 dam
196 3268 309 3336 uillam
325 3273 482 3348 nostram,
506 3286 565 3334 seu
580 3273 711 3354 terram,
735 3268 866 3335 nomine
881 3267 972 3356 lipel,
1001 3267 1036 3334 in
1067 3267 1228 3336 comitatu

107 3375 320 3461 strigoniensi
337 3373 538 3462 existentem,
563 3393 636 3442 cum
668 3375 859 3442 vinitoribus
891 3395 948 3444 seu
980 3375 1229 3464 condicionarljs

106 3483 230 3568 uostris,
262 3479 370 3552 eidem
386 3488 469 3549 terre
485 3481 646 3569 ascriptis,
679 3483 735 3566 qui
751 3483 1012 3569 progenitoribus
1045 3485 1165 3555 nostris
1195 3494 1227 3553 et
1347 3537 1349 3542 .

109 3590 199 3659 uobis
213 3589 383 3658 annuatim
399 3589 443 3656 ad
459 3589 601 3657 dandam
619 3596 740 3656 certam
750 3590 818 3658 vini
828 3593 1046 3675 quantitatem
1059 3592 1229 3662 exhonere

110 3699 281 3784 seruitutis,
308 3697 355 3766 eis
372 3697 563 3783 abantiquo
579 3697 738 3784 imposito,
758 3697 887 3766 lucrant
903 3701 1063 3788 deputati,
1095 3709 1128 3770 et
1159 3723 1230 3768 oum

112 3807 255 3876 omnibus
273 3805 387 3892 vineis,
403 3805 537 3893 iuribus,
553 3806 767 3892 pertineneiJs
784 3813 815 3872 et
826 3807 1023 3878 utilitatibus
1038 3808 1143 3894 ipius
1152 3809 1231 3876 ville

111 3935 167 3984 seu
184 3921 277 3999 terre,
303 3914 453 3983 fidelibus
470 3915 589 3982 nostris
606 3915 758 4000 Capitulo
774 3913 1006 4000 strigoniensis
1022 3916 1176 4001 ecclesie,
1211 3938 1231 3983 a

114 4042 177 4107 qua
192 4023 312 4090 inuncti
329 4042 439 4090 sumus
457 4029 489 4090 et
505 4023 642 4106 Regium
659 4024 860 4110 suscepimus
872 4024 1062 4115 ''Diadema
1095 4045 1134 4092 ao
1165 4025 1234 4092 alia

114 4129 345 4216 ecclesiastica,
363 4129 547 4198 uoluntaria
562 4139 594 4196 ct
610 4132 798 4200 necessaria
815 4131 917 4199 inoliti
933 4133 1040 4218 Reges
1064 4133 1235 4218 Hungarie

116 4237 269 4322 recipiunt
293 4245 514 4324 sacramenta,
543 4257 602 4324 pro
618 4237 762 4304 remedio
795 4239 902 4306 anime
932 4238 1081 4309 eiusdem
1113 4241 1236 4310 domini

115 4344 191 4410 Bele
204 4345 302 4430 Regis
318 4345 481 4415 kadrsimi
499 4347 602 4432 patris
618 4347 731 4432 nostri,
747 4352 857 4415 tenore
874 4346 1077 4433 presencium
1089 4349 1237 4420 dedimus

119 4458 149 4518 ct
165 4453 286 4542 damus,
304 4453 499 4524 donauimus
514 4461 548 4522 et
564 4455 730 4540 donamus,
745 4455 941 4524 tradidimus
956 4465 989 4526 et
1008 4457 1178 4550 tradimus,
1195 4463 1239 4528 ab

119 4563 228 4630 eodem
242 4565 393 4653 capitulo
410 4567 480 4635 iure
495 4574 652 4653 perpetuo
668 4567 896 4652 possidendam
910 4591 918 4653 3
942 4569 997 4654 ita,
1031 4577 1065 4635 vt
1097 4589 1138 4635 ex
1170 4569 1233 4636 luae

1097 4675 1135 4744 1*
