3162 5200
894 343 963 408 tto

362 543 512 610 arborem
528 539 593 625 piri
608 557 704 608 cruce
724 537 888 621 signatam
922 545 1009 604 meta
1039 545 1146 606 terrea
1177 540 1424 624 circumfusam
1445 543 1489 610 ibi
1564 575 1566 596 ι

361 646 575 732 relinquendo
605 650 726 712 terrm
757 641 889 709 Orboua
905 645 974 710 exit
991 643 1035 711 ad
1050 643 1185 711 fluuium
1201 645 1352 734 Kenuek,
1369 650 1489 719 etrier

359 765 456 824 natur
472 759 558 822 terre
571 750 721 836 Syrbolr3
745 758 777 818 et
793 769 852 836 per
868 751 1006 819 cundem
1025 750 1158 820 fluuium
1178 773 1292 822 versus
1322 755 1488 822 meridiem

358 859 550 948 procedens,
581 865 677 946 prout
707 857 794 926 idem
810 857 949 925 Kennek
976 857 1098 924 cunit‘
1089 880 1124 925 ιιι
1140 851 1259 944 magno
1275 861 1389 948 spacio
1405 861 1489 930 cadit

359 972 395 1035 in
412 982 531 1050 aquam
548 967 699 1050 Chasma,
716 961 823 1048 ibique
838 962 1038 1032 terminatur.
1056 966 1312 1054 assumpserunt
1328 971 1434 1038 eciam
1451 991 1490 1036 ae

358 1075 590 1159 obligauerunt
620 1092 656 1140 se
674 1070 807 1157 predicti
839 1072 1032 1158 venditores,
1059 1072 1148 1156 quod
1162 1075 1349 1161 quicunque
1365 1077 1401 1144 in
1418 1095 1489 1162 pro·

363 1199 457 1251 cesse
487 1191 667 1266 temporum
697 1177 879 1266 predictum
911 1178 1067 1246 Comitem
1098 1181 1310 1249 Benedictum
1330 1183 1386 1250 rel
1416 1201 1489 1250 suos

362 1288 497 1358 heredes
522 1289 668 1373 inpetere
683 1292 893 1373 attemptaret
913 1285 1043 1354 racione
1061 1286 1145 1356 dicte
1162 1297 1247 1357 terre
1248 1289 1342 1376 ,ipsi
1359 1288 1546 1358 eosdem·

362 1398 504 1484 proprijs
535 1397 702 1464 laboribus
719 1400 752 1462 ct
783 1394 938 1479 expensis
969 1395 1135 1480 expedire,
1153 1402 1185 1462 et
1216 1405 1336 1463 terram
1368 1397 1487 1464 eisdem

361 1504 537 1572 iustilioare
568 1510 764 1571 tenerentur.
795 1505 835 1570 In
862 1505 955 1570 ouius
987 1501 1064 1570 facti
1094 1505 1314 1572 testimonium
1347 1512 1379 1572 et
1394 1507 1488 1572 robur

363 1611 466 1678 eidem
498 1611 614 1678 Comiti
644 1611 821 1680 Benedicto
862 1617 1032 1695 presentes
1063 1612 1281 1679 concessimus
1312 1611 1487 1698 patrocinio

361 1719 463 1804 sigilli
494 1720 717 1787 communitas
747 1719 866 1784 Datum
883 1723 1001 1801 quarta
1017 1716 1101 1786 ieris
1115 1719 1265 1804 proxima
1280 1728 1356 1805 post
1372 1720 1485 1788 testum

365 1828 485 1895 Passcc
500 1847 586 1896 anno
603 1827 732 1895 Domini
749 1823 867 1893 M⁰CC⁰
883 1827 1126 1913 septuagesimo
1141 1829 1288 1912 septimo.

361 2026 400 2087 (A
419 2027 555 2080 csaszmai
574 2025 768 2090 kaptslannak
788 2027 906 2086 quarta
930 2024 1001 2074 ieris
1019 2026 1149 2088 proxime
1168 2031 1231 2089 post
1250 2024 1406 2086 quindenas
1424 2024 1486 2074 Bea-

364 2120 457 2166 torum
476 2116 600 2180 Philippi
619 2119 646 2166 et
666 2115 766 2166 Juoobi
785 2113 1001 2180 Apostolorum
989 2117 1136 2164 «caseos
1124 2115 1276 2178 »Magister
1295 2115 1434 2166 Henricus
1454 2112 1484 2162 de

362 2204 472 2256 Otbna«
492 2205 620 2256 kertsere
639 2203 752 2256 kiadott
766 2203 910 2265 ettiratbbl,
930 2201 1050 2254 abudai
1070 2204 1124 2254 kir.
1143 2203 1271 2253 kamarai
1290 2201 1482 2264 levelttrben)

876 3097 878 3101 .
897 3035 971 3104 174.

369 3251 399 3306 A
416 3263 572 3310 eaoszmor
566 3239 812 3326 'bdptalannolo
829 3235 1097 3322 brzonysoiplevetc,
1126 3237 1210 3321 bopy
1236 3233 1363 3321 Syrnos
1395 3256 1486 3300 σοιιιιι
1562 3269 1566 3334 ,3

368 3350 488 3414 Dobrol
489 3351 542 3414 ecb
558 3345 659 3433 folpti
682 3347 744 3412 mel
732 3347 813 3412 tettae
837 3345 978 3412 birtoltett
1010 3345 1121 3410 elodto
1151 3344 1300 3410 Beoedelt
1330 3341 1487 3410 mencenek
1564 3343 1566 3380 “

883 3451 980 3518 1277.

478 3648 658 3734 Capitulum
690 3646 899 3713 Cbcsmeneis
919 3645 1063 3713 Ecclesia
1078 3643 1239 3714 uniuersis
1258 3645 1380 3712 Christi
1397 3642 1492 3711 fideli·

368 3762 429 3826 bus
446 3775 582 3844 presens
596 3755 750 3838 scriptum
766 3754 960 3838 inspecturis
980 3755 1121 3820 salutem
1146 3752 1182 3818 in
1206 3754 1346 3818 Domino
1376 3749 1487 3834 sempi-

367 3875 501 3934 ternam.
531 3863 582 3928 Ad
600 3862 821 3928 uniuersorum
854 3861 1007 3928 noticiam
1024 3859 1107 3926 serie
1132 3860 1333 3944 presencium
1351 3858 1490 3926 volumus

370 3973 548 4057 peruenire,
566 3970 651 4055 qnod
668 3970 792 4037 Comite
809 3969 939 4053 Syrbok
956 3989 977 4034 a
994 3976 1086 4052 parte
1102 3987 1176 4051 una,
1200 3970 1244 4035 ab
1259 3968 1364 4034 altere
1388 3975 1491 4033 nutem

369 4079 545 4146 Benedicto
577 4076 702 4144 Comite
732 4075 800 4142 filio
816 4075 933 4143 Jacobi
951 4095 1060 4142 eoram
1086 4074 1179 4142 nobis
1196 4073 1410 4156 personaliter
1425 4090 1490 4138 con-

370 4190 505 4274 stitutis,
530 4185 618 4250 idem
635 4185 751 4251 Comes
769 4182 897 4269 Syrbolr
912 4182 1098 4269 porcionem
1114 4189 1198 4247 terre
1209 4181 1361 4248 sueinter
1377 4186 1491 4246 terram

370 4299 481 4383 Myrse
511 4294 567 4378 filij
601 4293 727 4359 Deseou
760 4299 793 4359 et
808 4292 892 4357 inter
922 4291 1054 4358 fluuium
1086 4289 1270 4357 Dobrolecb
1295 4289 1490 4370 existentem,

371 4407 477 4489 ipsum
494 4402 606 4486 solum,
628 4399 712 4466 sicut
744 4397 833 4485 dixit,
867 4399 1118 4483 contingentem,
1148 4396 1289 4464 totaliter
1305 4405 1337 4462 et
1368 4393 1491 4462 omnino

370 4533 443 4578 oum
471 4507 662 4593 attinencijs,
696 4505 896 4589 adiaceneijs
914 4513 947 4573 et
963 4506 1154 4574 utilitatibus
1171 4504 1238 4572 suis
1254 4503 1423 4587 uniuersis,
1437 4499 1490 4566 sub

372 4619 476 4707 matis,
494 4615 647 4701 terminis,
667 4614 920 4682 limitationibus
937 4621 970 4684 et
985 4615 1087 4698 signis
1104 4611 1319 4698 infrascriptis
1335 4611 1490 4680 confessus
