3160 5200
899 1023 972 1090 453.

371 1225 404 1290 A
416 1227 570 1312 porsonya'
585 1222 815 1310 kdptalnnnnlt
831 1221 1105 1307 hizooysdplevele‚
1122 1223 1207 1310 bopy
1227 1223 1342 1290 Tamds
1353 1226 1386 1288 es
1403 1225 1499 1288 Tamo

370 1330 614 1418 odrp'obhdpyok
624 1330 702 1394 Heet
712 1337 792 1394 neoti
810 1328 1074 1394 drdkhirtokukot
1090 1329 1366 1415 etzelopoa'totra'k
1381 1331 1502 1396 Laenio

562 1437 721 1504 comanae
736 1439 766 1502 ds
783 1437 971 1502 testoe'rdneh
987 1435 1168 1501 Jataoaals
1195 1438 1295 1503 1294.

480 1630 547 1696 Nos
564 1628 746 1715 Capitulum
762 1628 907 1698 Eeolesie
923 1628 1132 1696 Posoniensis
1148 1630 1499 1715 significamusqnihus

372 1736 503 1826 expedit
519 1736 693 1822 vniuersis,
723 1734 809 1819 qnod
827 1735 1010 1802 constitutis
1025 1739 1245 1821 personaliter
1260 1757 1370 1805 eoram
1402 1737 1497 1806 nohis

372 1847 500 1916 Thoma
517 1845 584 1911 lilio
600 1844 694 1909 Ehun
710 1849 743 1908 et
759 1843 886 1909 'Pharna
902 1843 968 1908 filio
985 1841 1065 1908 (libb
1081 1843 1308 1927 iohagionihos
1324 1843 1437 1912 Casiri
1461 1845 1499 1910 ah

373 1961 557 2040 ansperto,
574 1951 696 2017 Comite
712 1949 871 2017 Ladlnlso
885 1969 944 2034 pro
961 1969 996 2016 se
1013 1959 1045 2016 et
1070 1971 1129 2034 pro
1153 1951 1255 2019 fratre
1287 1973 1345 2019 suo
1376 1951 1499 2018 Jaeoho

372 2061 439 2127 tilio
455 2061 549 2145 parui
566 2057 723 2142 Stephani
740 2060 783 2124 ab
799 2057 917 2141 altera,
934 2056 1034 2144 ijdem
1051 2057 1193 2124 Thomas
1225 2066 1258 2126 et
1289 2059 1393 2124 Tama
1428 2061 1500 2124 sont

372 2165 524 2253 aonlessi,
540 2165 626 2250 qnod
652 2170 770 2229 terram
803 2165 948 2247 ipsorum
981 2163 1213 2231 hereditariam
1246 2166 1377 2232 nomine
1407 2164 1498 2246 Heet,

372 2276 469 2343 eitam
484 2273 569 2340 inter
585 2280 689 2338 terras
705 2271 848 2338 Wolstar
864 2279 897 2337 et
913 2271 1089 2356 Kengelns,
1107 2292 1178 2339 eum
1190 2273 1337 2340 omnibus
1347 2272 1496 2339 utilitati-

373 2385 433 2448 bus
448 2379 516 2446 sois
532 2378 576 2444 ad
593 2377 657 2443 duo
673 2383 785 2444 aratra
801 2377 1013 2444 sufficientem
1030 2387 1158 2464 propter
1174 2387 1401 2465 paupertatem
1417 2380 1499 2463 ipso·

373 2507 445 2554 rum
477 2493 508 2550 et
539 2482 764 2552 nenessitatem
797 2484 1021 2552 imminentem
1052 2485 1344 2570 impignorauerint
1377 2487 1497 2556 eisdem

370 2592 529 2660 Ladizlao
546 2595 578 2655 et
594 2591 717 2658 Jaeobo
734 2591 908 2676 froniano,
924 2592 1112 2676 incipiendo
1129 2614 1150 2660 a
1181 2595 1266 2661 festo
1298 2595 1409 2660 Sancti
1442 2593 1497 2658 hli-

368 2700 496 2768 obaelis
512 2697 711 2780 Archangeli
727 2699 873 2782 proxime
887 2698 1041 2785 preterito
1057 2719 1159 2782 nsque
1174 2698 1218 2766 ad
1227 2702 1399 2785 septimam
1410 2720 1497 2766 reuo-

365 2811 536 2878 lneionem
552 2803 695 2871 eiusdem
712 2801 788 2871 testi
798 2825 807 2888 ;
833 2805 979 2890 prefatus
996 2806 1101 2871 Tama
1117 2806 1202 2874 tilius
1218 2807 1299 2873 Oizk
1316 2828 1406 2874 snam
1423 2825 1495 2892 par-

372 2925 438 2985 tem
454 2935 513 3002 pro
530 2933 588 2982 sex
604 2911 722 2980 mareis
738 2911 878 2998 scilieet,
894 2914 1038 2980 Thomas
1054 2913 1138 2980 filins
1154 2915 1251 2980 llbun
1266 2935 1358 2980 snam
1375 2921 1497 2998 partem
1575 2923 1576 2932 ’

373 3046 431 3111 pro
448 3025 552 3092 trihus
569 3020 687 3086 mareis
719 3021 857 3086 latorum
890 3020 1093 3088 denariorum
1126 3022 1378 3106 Viennensium
1402 3041 1497 3110 qnam

371 3149 554 3217 snmpmam
572 3126 706 3211 poeonia
723 3129 765 3193 ah
784 3126 906 3193 eisdem
922 3127 1082 3194 Ladialao
1098 3135 1130 3193 et
1145 3127 1268 3195 Jaooho
1285 3129 1428 3214 plenarie
1459 3147 1495 3192 se

339 3311 341 3318 Α
359 3241 537 3321 recepisse
553 3240 627 3301 siant
643 3231 793 3300 confessi.
818 3235 929 3320 Ipsam
947 3235 1259 3320 impignoraoionem
1275 3236 1394 3302 Paulos
1408 3235 1495 3301 tilius

371 3345 470 3431 Pink,
502 3351 534 3409 et
550 3342 737 3426 Stephanus
754 3339 838 3408 filius
855 3342 990 3424 Balabo,
1022 3344 1164 3412 Jaeohus
1187 3345 1273 3410 lilius
1290 3344 1431 3433 Georgij,
1463 3351 1496 3410 et
1559 3372 1565 3381 ·

371 3458 487 3524 Felteu
503 3453 589 3519 lilius
606 3453 725 3518 Demea
742 3451 783 3518 de
799 3453 1014 3534 generosiore
1030 3452 1155 3522 Thome
1172 3463 1204 3520 et
1219 3456 1325 3523 Tama
1337 3443 1495 3542 'prealato

371 3585 443 3632 rom
475 3564 508 3628 in
549 3561 651 3628 nostri
682 3563 852 3644 presencia
881 3563 1099 3647 personaliter
1130 3571 1274 3630 astantes
1304 3563 1497 3630 vnanimiter

372 3669 608 3758 approbabant.
650 3667 753 3734 Facta
784 3673 892 3734 antem
924 3670 1050 3754 prefata
1082 3670 1318 3754 impignoraeio
1347 3674 1380 3736 in
1409 3670 1496 3736 hune

371 3776 513 3862 modum,
540 3771 626 3856 quod
651 3779 818 3840 hansaeta
849 3763 988 3860 septima
1019 3776 1226 3842 reuolneione
1255 3776 1394 3862 predioti
1419 3775 1494 3842 festi

371 3885 515 3951 Thomas
533 3887 565 3946 et
580 3880 685 3946 Tama
701 3881 883 3964 supradicti
901 3887 1018 3949 terram
1050 3885 1093 3949 ah
1126 3883 1249 3950 eisdem
1281 3884 1429 3950 Ladizlao
1461 3891 1495 3949 et

369 3993 494 4058 Jaeoho
511 3987 668 4053 redimere
693 3989 887 4080 tenebuntur
918 4011 976 4074 pro
1007 3991 1188 4074 quantitate
1220 3993 1359 4075 peeunie
1387 4011 1493 4074 snpra-

370 4098 468 4182 diote,
503 4101 534 4162 at
550 4094 578 4160 si
595 4099 672 4159 tune
688 4090 845 4162 redimere
861 4115 927 4164 non
944 4098 1102 4183 ualerent,
1135 4095 1253 4181 prelati
1268 4097 1436 4164 Ladizlans
1459 4105 1493 4162 et

371 4203 516 4271 Jaeobus
535 4202 639 4285 ipsam
656 4208 775 4268 terram
793 4202 924 4298 ¹tamdiu
957 4203 1180 4290 possidebunt,
1212 4203 1316 4271 donee
1347 4208 1389 4273 ab
1417 4206 1492 4290 ipsis

372 4310 533 4378 redimere
548 4315 696 4391 poterunt
713 4327 754 4374 ex
770 4307 906 4393 integro.
933 4310 1125 4395 Obligantes
1141 4313 1244 4380 eeiam
1262 4332 1299 4379 se
1314 4313 1398 4380 idem
1412 4311 1493 4380 Tho-

372 4437 443 4485 mae
460 4424 492 4483 et
507 4416 621 4501 Tama,
639 4413 725 4499 quod
742 4418 926 4501 quicunqne
937 4417 1489 4507 mediotemporeipsoshadizlanm

366 4529 405 4592 et
420 4522 580 4592 Jaeobnm
596 4523 727 4591 raeione
742 4524 886 4610 prediote
903 4531 986 4593 terre
1002 4527 1150 4611 inpetere
1166 4527 1312 4597 forsitam
1323 4533 1486 4613 attempta-
