3162 5200
771 305 931 404 Q

206 487 233 556 s
285 495 374 566 cadit
388 495 422 562 in
439 518 558 582 aquam
574 498 760 588 Oryoycha‚
792 506 825 566 et
840 499 887 568 ibi
901 501 994 567 iuxta
1009 518 1129 583 aquam
1161 497 1337 585 Oryoychn
1368 479 1442 564 ests

207 611 208 614 ’
283 609 373 672 meta
388 610 513 690 terrea;
528 613 562 673 ct
577 624 635 693 per
650 605 771 674 dictam
786 625 906 693 aquam
922 605 1098 694 Oryoycha
1113 603 1204 680 vadit
1220 607 1333 672 contra
1348 622 1417 670 cur·

0 687 72 818 uffa
155 705 161 770 ᾗ
248 701 250 708 Χ
283 729 356 777 sum
372 730 468 800 aque,
501 720 534 780 et
548 713 697 799 peruenit
713 713 757 781 ad
771 712 912 798 priorem
929 719 1060 797 metam,
1091 721 1124 779 et
1149 711 1195 779 ibi
1220 719 1305 779 meto
1331 700 1416 782 terre

283 814 442 903 sepedicti
457 817 581 888 Beluch
599 819 771 906 Oryoycha
787 828 903 898 uocate
919 819 1143 888 terminantur.
1162 820 1243 886 Item
1256 817 1419 904 piscinam

285 924 455 994 (lhemueh
471 928 682 995 vocatam'ad
697 927 879 1015 predictam
895 935 1013 995 terram
1046 926 1221 1013 Oryoyoha
1253 925 1421 1011 pertinen·

285 1038 362 1116 tcm,
377 1031 461 1102 sicut
476 1034 598 1122 dicunt,
629 1035 750 1104 eisdem
766 1035 838 1104 sinc
853 1035 1032 1122 prciudicio
1048 1034 1127 1102 inris
1153 1033 1255 1101 alieni
1287 1031 1423 1117 reliqui·

286 1159 358 1207 mus
374 1141 563 1228 supradicto
577 1143 673 1211 modo
689 1142 929 1228 possidendam.
967 1146 1005 1210 In
1022 1143 1116 1211 cuius
1148 1143 1195 1211 rei
1226 1142 1420 1210 memoriam

284 1245 536 1334 firmitatemque
551 1258 741 1340 perpetuum
757 1258 925 1338 presentes
935 1249 1074 1338 prelatis
1088 1248 1242 1335 Otrochk,
1259 1247 1421 1334 Gregorio

0 1337 57 1388 -ῗ
167 1413 169 1418 ,
288 1361 322 1425 et
347 1353 426 1440 filijs
451 1355 548 1424 Sewa
574 1357 796 1426 concessimus
828 1358 955 1426 litteras
988 1355 1153 1443 dupplicis
1184 1355 1285 1442 sigilli
1315 1355 1422 1422 nostri

286 1463 464 1532 munimine
487 1464 667 1533 roboratas.
690 1465 812 1532 Datum
845 1485 903 1550 per
937 1485 1051 1533 manus
1079 1465 1233 1550 Magistri
1266 1461 1422 1550 Gregorij

203 1641 207 1648 ,
286 1570 363 1639 auls
380 1572 484 1640 nostri
498 1569 605 1640 fidelis
621 1571 830 1660 cancellarij,
845 1593 932 1641 anno
948 1574 990 1640 ab
1022 1571 1255 1640 Incamacione
1286 1570 1421 1640 Domini

287 1679 460 1748 millesimo
476 1679 697 1748 ducentesimo
713 1680 955 1765 septuagesimo
973 1679 1094 1782 quinto.

289 1878 433 1939 (Mredetis
452 1877 635 1942 bothertysn,
654 1891 672 1928 s
683 1877 933 1943 vitriis-kek-strga
945 1875 1181 1942 selyemzsinoron
1193 1875 1310 1942 ffiggott
1322 1875 1420 1939 pecces

287 1969 445 2036 etsemett3
464 1981 482 2018 s
493 1966 579 2020 bndai
596 1966 652 2017 kir.
669 1966 796 2018 kamarai
808 1965 985 2019 levelttrnsk
997 1965 1164 2032 ztgrtlrban
1182 1965 1247 2017 ltro
1263 1963 1421 2031 renuebam)

718 2249 986 2262 *—

821 2673 896 2742 aaa
993 2649 995 2652 ’

276 2869 423 2976 Δ«Ῑοαῑιὶτη
440 2872 569 2958 kirolpt
584 2872 812 2937 tcirmolcmcatcr
827 2827 998 2958 c'aciproibc'
1015 2875 1134 2960 eppheta
1149 2875 1302 2960 aspriaelc
1316 2877 1415 2950 adria

550 3079 553 3088 y
670 2978 825 3045 tatasotoi
839 2979 923 3044 cicili.
943 2980 1042 3046 1275.

397 3175 465 3258 Nos
480 3173 660 3242 Joachinns
688 3172 848 3257 Magister
875 3170 1133 3240 'l'avamicorum
1165 3172 1289 3242 domini
1319 3177 1422 3264 Regis

2 3255 62 3328 ⁸·
182 3319 195 3332 ·
290 3283 407 3349 Comes
423 3279 465 3349 de
480 3281 612 3350 Barana
629 3286 660 3347 et
676 3279 717 3345 de
733 3279 819 3365 Plys,
838 3285 949 3346 tenore
963 3279 1169 3367 presencium
1187 3281 1307 3366 quibus
1322 3303 1419 3371 expe·

253 3399 255 3402 ·
289 3387 338 3456 dit
353 3389 574 3474 significamus
590 3387 760 3472 universis,
779 3385 864 3471 quod
880 3385 1030 3454 Andreas
1048 3388 1206 3472 Magister
1221 3389 1418 3460 'l'auarnioo

289 3517 362 3564 rum
392 3495 592 3564 venerabilis
622 3494 724 3580 patris
740 3491 864 3560 domini
889 3491 1098 3580 Thymeles
1113 3495 1271 3582 Episcopi
1301 3497 1419 3585 tagra

289 3602 423 3686 biensis,
454 3601 525 3670 viee
541 3608 573 3669 et
587 3601 720 3670 nomine
735 3598 857 3668 domini
873 3598 936 3688 sul,
968 3621 1009 3668 ac
1023 3601 1169 3688 Capituli
1185 3603 1330 3672 eiusdem
1347 3627 1422 3692 pro·

154 3711 155 3714 ’
208 3787 210 3790 ,
264 3718 428 3797 -curator,
459 3710 606 3777 exhibuit
622 3709 718 3776 nobis
733 3707 861 3775 litteras
878 3705 1000 3776 domini
1016 3711 1120 3778 nostri
1142 3709 1290 3779 Ladislai
1315 3711 1418 3781 incliti

287 3819 387 3906 Regis
402 3817 548 3904 Vngarie
563 3836 661 3902 super
677 3817 766 3884 iacto
782 3814 922 3884 collecte
938 3823 1064 3902 septem
1080 3815 1286 3885 denariorum
1317 3819 1421 3887 bana·

289 3932 355 3996 inm
373 3932 521 4014 exparte
538 3925 640 4011 ipsius
666 3922 787 3992 domini
801 3924 960 4012 Episcopi
984 3931 1017 3990 ct
1047 3925 1099 3992 sni
1130 3922 1273 4011 Capituli
1303 3947 1418 4013 prore

289 4035 462 4120 niensium,
479 4033 566 4119 quod
581 4033 715 4101 formam
732 4053 789 4100 seu
806 4039 949 4102 tenorem
959 4032 1201 4118 privilegiorum
1214 4035 1420 4105 dominorum

288 4145 413 4228 Regum
429 4142 509 4210 Bele
523 4141 678 4208 videlicet
693 4139 745 4205 avi
762 4140 823 4227 sui,
849 4139 1016 4225 Stephani,
1049 4139 1220 4226 patrissui
1237 4140 1417 4230 karissimi,

291 4250 435 4320 felicium
451 4249 725 4334 recordacionnm,
742 4255 779 4318 et
791 4248 973 4316 litterarum
990 4269 1124 4317 suarum
1139 4249 1377 4337 inspiceremus
1388 4256 1420 4318 et

290 4361 470 4446 inspectam
487 4357 722 4427 continenciam
739 4357 912 4425 eorundem
929 4376 1145 4444 servaremus,
1177 4365 1210 4426 et
1236 4358 1333 4428 illese
1364 4379 1421 4447 per

292 4474 460 4536 exactores
477 4466 579 4552 ipsius
597 4467 731 4533 collecte
746 4464 928 4534 faceremus
955 4467 1130 4536 observari.
1171 4465 1318 4545 Quorum
1351 4469 1422 4554 qui-

290 4574 366 4642 dem
382 4574 625 4662 privilegiorum
642 4581 675 4642 et
691 4572 870 4642 litterarum
887 4573 1047 4660 inspectis
1064 4577 1243 4664 tenoribus,
1260 4577 1419 4664 comperi·
1532 4609 1535 4614 ¹
