<?xml version="1.0" encoding="UTF-8"?>
<!DOCTYPE html PUBLIC "-//W3C//DTD XHTML 1.0 Transitional//EN"
    "http://www.w3.org/TR/xhtml1/DTD/xhtml1-transitional.dtd">
<html xmlns="http://www.w3.org/1999/xhtml" xml:lang="en" lang="en">
 <head>
  <title>
</title>
<meta http-equiv="Content-Type" content="text/html;charset=utf-8" />
  <meta name='ocr-system' content='tesseract 3.04.00' />
  <meta name='ocr-capabilities' content='ocr_page ocr_carea ocr_par ocr_line ocrx_word'/>
</head>
<body>
  <div class='ocr_page' id='page_1' title='image "./codexdiplomatic00wenzgoog_0058.png"; bbox 0 0 3248 5206; ppageno 0'>
   <div class='ocr_carea' id='block_1_1' title="bbox 856 271 1016 370">
    <p class='ocr_par' dir='ltr' id='par_1_1' title="bbox 856 271 1016 370">
     <span class='ocr_line' id='line_1_1' title="bbox 856 271 1016 370; baseline 0 -33"><span class='ocrx_word' id='word_1_1' title='bbox 856 271 1016 370; x_wconf 39' lang='lat'>„34—</span> 
     </span>
    </p>
   </div>
   <div class='ocr_carea' id='block_1_2' title="bbox 367 461 1571 1310">
    <p class='ocr_par' dir='ltr' id='par_1_2' title="bbox 368 461 1497 537">
     <span class='ocr_line' id='line_1_2' title="bbox 368 461 1497 537; baseline -0.002 -1"><span class='ocrx_word' id='word_1_2' title='bbox 368 472 516 537; x_wconf 86' lang='lat' dir='ltr'>uocatum</span> <span class='ocrx_word' id='word_1_3' title='bbox 548 487 620 536; x_wconf 91' lang='lat' dir='ltr'>cum</span> <span class='ocrx_word' id='word_1_4' title='bbox 650 466 756 536; x_wconf 89' lang='lat' dir='ltr'>seruis</span> <span class='ocrx_word' id='word_1_5' title='bbox 787 472 819 534; x_wconf 91' lang='lat' dir='ltr'>et</span> <span class='ocrx_word' id='word_1_6' title='bbox 834 465 965 534; x_wconf 81' lang='lat' dir='ltr'>ancillis</span> <span class='ocrx_word' id='word_1_7' title='bbox 981 461 1154 534; x_wconf 88' lang='lat' dir='ltr'>eorundem</span> <span class='ocrx_word' id='word_1_8' title='bbox 1169 463 1214 533; x_wconf 90' lang='lat' dir='ltr'>ad</span> <span class='ocrx_word' id='word_1_9' title='bbox 1229 483 1346 534; x_wconf 85' lang='lat' dir='ltr'>manus</span> <span class='ocrx_word' id='word_1_10' title='bbox 1361 473 1497 534; x_wconf 87' lang='lat' dir='ltr'>nostras</span> 
     </span>
    </p>

    <p class='ocr_par' dir='ltr' id='par_1_3' title="bbox 367 572 1571 1310">
     <span class='ocr_line' id='line_1_3' title="bbox 368 572 1500 660; baseline 0.001 -19"><span class='ocrx_word' id='word_1_11' title='bbox 368 576 574 659; x_wconf 84' lang='lat' dir='ltr'>deuolutam3</span> <span class='ocrx_word' id='word_1_12' title='bbox 597 575 654 660; x_wconf 89' lang='lat' dir='ltr'>qui</span> <span class='ocrx_word' id='word_1_13' title='bbox 685 574 835 642; x_wconf 91' lang='lat' dir='ltr'>similiter</span> <span class='ocrx_word' id='word_1_14' title='bbox 865 573 1043 660; x_wconf 72' lang='lat' dir='ltr'>maleficiis,</span> <span class='ocrx_word' id='word_1_15' title='bbox 1073 572 1159 641; x_wconf 80' lang='lat' dir='ltr'>furto</span> <span class='ocrx_word' id='word_1_16' title='bbox 1190 573 1323 659; x_wconf 86' lang='lat' dir='ltr'>scilicet,</span> <span class='ocrx_word' id='word_1_17' title='bbox 1341 581 1374 640; x_wconf 89' lang='lat' dir='ltr'>et</span> <span class='ocrx_word' id='word_1_18' title='bbox 1403 574 1500 642; x_wconf 87' lang='lat' dir='ltr'>iatro-</span> 
     </span>
     <span class='ocr_line' id='line_1_4' title="bbox 367 680 1481 769; baseline -0.001 -19"><span class='ocrx_word' id='word_1_19' title='bbox 367 683 472 769; x_wconf 87' lang='lat' dir='ltr'>cinijs,</span> <span class='ocrx_word' id='word_1_20' title='bbox 488 701 527 750; x_wconf 87' lang='lat' dir='ltr'>ac</span> <span class='ocrx_word' id='word_1_21' title='bbox 540 681 614 768; x_wconf 85' lang='lat' dir='ltr'>alijs</span> <span class='ocrx_word' id='word_1_22' title='bbox 644 683 792 768; x_wconf 84' lang='lat' dir='ltr'>pluribus</span> <span class='ocrx_word' id='word_1_23' title='bbox 816 682 950 767; x_wconf 81' lang='lat' dir='ltr'>uotorijs</span> <span class='ocrx_word' id='word_1_24' title='bbox 966 680 1167 749; x_wconf 78' lang='lat' dir='ltr'>nocumentis</span> <span class='ocrx_word' id='word_1_25' title='bbox 1183 681 1383 767; x_wconf 83' lang='lat' dir='ltr'>perpetratis,</span> <span class='ocrx_word' id='word_1_26' title='bbox 1399 680 1481 749; x_wconf 80' lang='lat' dir='ltr'>auiu</span> 
     </span>
     <span class='ocr_line' id='line_1_5' title="bbox 367 790 1499 878; baseline -0.002 -20"><span class='ocrx_word' id='word_1_27' title='bbox 367 797 485 876; x_wconf 81' lang='lat' dir='ltr'>gerunt</span> <span class='ocrx_word' id='word_1_28' title='bbox 515 811 593 862; x_wconf 87' lang='lat' dir='ltr'>suas</span> <span class='ocrx_word' id='word_1_29' title='bbox 625 811 781 878; x_wconf 78' lang='lat' dir='ltr'>personas</span> <span class='ocrx_word' id='word_1_30' title='bbox 797 791 1017 876; x_wconf 86' lang='lat' dir='ltr'>absentando;</span> <span class='ocrx_word' id='word_1_31' title='bbox 1053 797 1190 878; x_wconf 86' lang='lat' dir='ltr'>excepta</span> <span class='ocrx_word' id='word_1_32' title='bbox 1214 791 1367 878; x_wconf 87' lang='lat' dir='ltr'>porcione</span> <span class='ocrx_word' id='word_1_33' title='bbox 1381 790 1499 878; x_wconf 81' lang='lat' dir='ltr'>Thybe</span> 
     </span>
     <span class='ocr_line' id='line_1_6' title="bbox 367 898 1498 989; baseline -0.002 -23"><span class='ocrx_word' id='word_1_34' title='bbox 367 899 479 969; x_wconf 79' lang='lat' dir='ltr'>fratris</span> <span class='ocrx_word' id='word_1_35' title='bbox 511 899 686 969; x_wconf 89' lang='lat' dir='ltr'>eorundem</span> <span class='ocrx_word' id='word_1_36' title='bbox 718 901 827 988; x_wconf 82' lang='lat' dir='ltr'>Woyiu</span> <span class='ocrx_word' id='word_1_37' title='bbox 858 907 890 968; x_wconf 89' lang='lat' dir='ltr'>et</span> <span class='ocrx_word' id='word_1_38' title='bbox 905 899 1073 989; x_wconf 83' lang='lat' dir='ltr'>Tyburcij,</span> <span class='ocrx_word' id='word_1_39' title='bbox 1099 898 1154 985; x_wconf 92' lang='lat' dir='ltr'>qni</span> <span class='ocrx_word' id='word_1_40' title='bbox 1171 900 1274 968; x_wconf 90' lang='lat' dir='ltr'>eciam</span> <span class='ocrx_word' id='word_1_41' title='bbox 1291 899 1498 987; x_wconf 89' lang='lat' dir='ltr'>postmodum</span> 
     </span>
     <span class='ocr_line' id='line_1_7' title="bbox 370 1006 1501 1094; baseline -0.001 -20"><span class='ocrx_word' id='word_1_42' title='bbox 370 1006 508 1074; x_wconf 89' lang='lat' dir='ltr'>eandem</span> <span class='ocrx_word' id='word_1_43' title='bbox 534 1007 717 1093; x_wconf 80' lang='lat' dir='ltr'>porcionem</span> <span class='ocrx_word' id='word_1_44' title='bbox 733 1027 835 1091; x_wconf 88' lang='lat' dir='ltr'>suam,</span> <span class='ocrx_word' id='word_1_45' title='bbox 852 1008 959 1094; x_wconf 89' lang='lat' dir='ltr'>ipsum</span> <span class='ocrx_word' id='word_1_46' title='bbox 974 1007 1008 1073; x_wconf 93' lang='lat' dir='ltr'>in</span> <span class='ocrx_word' id='word_1_47' title='bbox 1034 1006 1122 1073; x_wconf 91' lang='lat' dir='ltr'>diota</span> <span class='ocrx_word' id='word_1_48' title='bbox 1155 1009 1242 1073; x_wconf 88' lang='lat' dir='ltr'>terra</span> <span class='ocrx_word' id='word_1_49' title='bbox 1272 1006 1398 1076; x_wconf 84' lang='lat' dir='ltr'>Zokola</span> <span class='ocrx_word' id='word_1_50' title='bbox 1428 1006 1501 1073; x_wconf 90' lang='lat' dir='ltr'>iure</span> 
     </span>
     <span class='ocr_line' id='line_1_8' title="bbox 367 1114 1500 1200; baseline 0.003 -21"><span class='ocrx_word' id='word_1_51' title='bbox 367 1114 567 1183; x_wconf 83' lang='lat' dir='ltr'>hereditario</span> <span class='ocrx_word' id='word_1_52' title='bbox 598 1115 839 1199; x_wconf 75' lang='lat' dir='ltr'>contingentem</span> <span class='ocrx_word' id='word_1_53' title='bbox 869 1133 929 1200; x_wconf 92' lang='lat' dir='ltr'>pro</span> <span class='ocrx_word' id='word_1_54' title='bbox 962 1134 1011 1199; x_wconf 90' lang='lat' dir='ltr'>eo,</span> <span class='ocrx_word' id='word_1_55' title='bbox 1043 1114 1130 1199; x_wconf 91' lang='lat' dir='ltr'>quod</span> <span class='ocrx_word' id='word_1_56' title='bbox 1161 1133 1271 1182; x_wconf 87' lang='lat' dir='ltr'>seruos</span> <span class='ocrx_word' id='word_1_57' title='bbox 1302 1120 1335 1182; x_wconf 91' lang='lat' dir='ltr'>et</span> <span class='ocrx_word' id='word_1_58' title='bbox 1359 1114 1500 1182; x_wconf 84' lang='lat' dir='ltr'>ancillas</span> 
     </span>
     <span class='ocr_line' id='line_1_9' title="bbox 369 1221 1571 1310; baseline 0.002 -22"><span class='ocrx_word' id='word_1_59' title='bbox 369 1221 590 1308; x_wconf 88' lang='lat' dir='ltr'>predictorum</span> <span class='ocrx_word' id='word_1_60' title='bbox 606 1222 741 1290; x_wconf 82' lang='lat' dir='ltr'>fratrum</span> <span class='ocrx_word' id='word_1_61' title='bbox 758 1242 888 1290; x_wconf 93' lang='lat' dir='ltr'>sucrum</span> <span class='ocrx_word' id='word_1_62' title='bbox 905 1223 947 1288; x_wconf 89' lang='lat' dir='ltr'>ab</span> <span class='ocrx_word' id='word_1_63' title='bbox 978 1221 1048 1308; x_wconf 91' lang='lat' dir='ltr'>ipso</span> <span class='ocrx_word' id='word_1_64' title='bbox 1080 1223 1238 1307; x_wconf 81' lang='lat' dir='ltr'>Magistro</span> <span class='ocrx_word' id='word_1_65' title='bbox 1269 1221 1438 1310; x_wconf 84' lang='lat' dir='ltr'>Rcynoldo</span> <span class='ocrx_word' id='word_1_66' title='bbox 1456 1223 1500 1290; x_wconf 89' lang='lat' dir='ltr'>ad</span> <span class='ocrx_word' id='word_1_67' title='bbox 1563 1227 1571 1240; x_wconf 74' lang='grc'>”’</span> 
     </span>
    </p>
   </div>
   <div class='ocr_carea' id='block_1_3' title="bbox 235 1327 1501 1416">
    <p class='ocr_par' dir='ltr' id='par_1_4' title="bbox 235 1327 1501 1416">
     <span class='ocr_line' id='line_1_10' title="bbox 235 1327 1501 1416; baseline -0.002 -18"><span class='ocrx_word' id='word_1_68' title='bbox 235 1341 240 1348; x_wconf 90' lang='grc'><strong>’</strong></span> <span class='ocrx_word' id='word_1_69' title='bbox 335 1376 340 1390; x_wconf 54' lang='grc'><strong><em>,</em></strong></span> <span class='ocrx_word' id='word_1_70' title='bbox 368 1350 405 1397; x_wconf 93' lang='lat' dir='ltr'>se</span> <span class='ocrx_word' id='word_1_71' title='bbox 422 1328 580 1396; x_wconf 86' lang='lat' dir='ltr'>redimere</span> <span class='ocrx_word' id='word_1_72' title='bbox 596 1327 707 1398; x_wconf 87' lang='lat' dir='ltr'>ualeat</span> <span class='ocrx_word' id='word_1_73' title='bbox 738 1336 771 1396; x_wconf 90' lang='lat' dir='ltr'>et</span> <span class='ocrx_word' id='word_1_74' title='bbox 797 1329 928 1416; x_wconf 88' lang='lat' dir='ltr'>habere,</span> <span class='ocrx_word' id='word_1_75' title='bbox 952 1328 986 1394; x_wconf 89' lang='lat' dir='ltr'>in</span> <span class='ocrx_word' id='word_1_76' title='bbox 1003 1328 1261 1415; x_wconf 89' lang='lat' dir='ltr'>redempcionem</span> <span class='ocrx_word' id='word_1_77' title='bbox 1277 1349 1336 1398; x_wconf 88' lang='lat' dir='ltr'>seo</span> <span class='ocrx_word' id='word_1_78' title='bbox 1351 1349 1501 1396; x_wconf 84' lang='lat' dir='ltr'>concam-</span> 
     </span>
    </p>
   </div>
   <div class='ocr_carea' id='block_1_4' title="bbox 369 1436 1571 2387">
    <p class='ocr_par' dir='ltr' id='par_1_5' title="bbox 369 1436 1571 2387">
     <span class='ocr_line' id='line_1_11' title="bbox 369 1436 1571 1507; baseline -0.001 -3"><span class='ocrx_word' id='word_1_79' title='bbox 369 1437 459 1507; x_wconf 88' lang='lat' dir='ltr'>bium</span> <span class='ocrx_word' id='word_1_80' title='bbox 484 1438 657 1506; x_wconf 88' lang='lat' dir='ltr'>eorundem</span> <span class='ocrx_word' id='word_1_81' title='bbox 688 1458 856 1507; x_wconf 87' lang='lat' dir='ltr'>seruorum</span> <span class='ocrx_word' id='word_1_82' title='bbox 887 1446 920 1506; x_wconf 92' lang='lat' dir='ltr'>ct</span> <span class='ocrx_word' id='word_1_83' title='bbox 951 1436 1143 1506; x_wconf 87' lang='lat' dir='ltr'>ancillarum</span> <span class='ocrx_word' id='word_1_84' title='bbox 1175 1438 1266 1505; x_wconf 88' lang='lat' dir='ltr'>dedit</span> <span class='ocrx_word' id='word_1_85' title='bbox 1297 1445 1330 1506; x_wconf 89' lang='lat' dir='ltr'>ct</span> <span class='ocrx_word' id='word_1_86' title='bbox 1361 1437 1500 1505; x_wconf 76' lang='lat' dir='ltr'>tradidit</span> <span class='ocrx_word' id='word_1_87' title='bbox 1570 1487 1571 1496; x_wconf 32' lang='lat' dir='ltr'>r</span> 
     </span>
     <span class='ocr_line' id='line_1_12' title="bbox 371 1544 1571 1632; baseline -0.003 -19"><span class='ocrx_word' id='word_1_88' title='bbox 371 1546 475 1614; x_wconf 89' lang='lat' dir='ltr'>eidem</span> <span class='ocrx_word' id='word_1_89' title='bbox 505 1545 665 1630; x_wconf 83' lang='lat' dir='ltr'>Magistro</span> <span class='ocrx_word' id='word_1_90' title='bbox 698 1545 863 1632; x_wconf 79' lang='lat' dir='ltr'>Roynoldo</span> <span class='ocrx_word' id='word_1_91' title='bbox 894 1551 1051 1632; x_wconf 87' lang='lat' dir='ltr'>perpetuo</span> <span class='ocrx_word' id='word_1_92' title='bbox 1082 1544 1323 1631; x_wconf 80' lang='lat' dir='ltr'>possidendam.</span> <span class='ocrx_word' id='word_1_93' title='bbox 1342 1544 1501 1629; x_wconf 72' lang='lat' dir='ltr'>vergitur</span> <span class='ocrx_word' id='word_1_94' title='bbox 1570 1587 1571 1594; x_wconf 23' lang='grc' dir='ltr'><strong>κ</strong></span> 
     </span>
     <span class='ocr_line' id='line_1_13' title="bbox 372 1653 1571 1738; baseline -0.002 -18"><span class='ocrx_word' id='word_1_95' title='bbox 372 1656 433 1722; x_wconf 88' lang='lat' dir='ltr'>hee</span> <span class='ocrx_word' id='word_1_96' title='bbox 464 1659 573 1722; x_wconf 88' lang='lat' dir='ltr'>nostre</span> <span class='ocrx_word' id='word_1_97' title='bbox 604 1654 802 1723; x_wconf 87' lang='lat' dir='ltr'>collacioues</span> <span class='ocrx_word' id='word_1_98' title='bbox 835 1655 920 1722; x_wconf 89' lang='lat' dir='ltr'>iuste</span> <span class='ocrx_word' id='word_1_99' title='bbox 949 1660 981 1720; x_wconf 89' lang='lat' dir='ltr'>ct</span> <span class='ocrx_word' id='word_1_100' title='bbox 1013 1654 1254 1722; x_wconf 80' lang='lat' dir='ltr'>racionabiliter</span> <span class='ocrx_word' id='word_1_101' title='bbox 1282 1653 1370 1722; x_wconf 81' lang='lat' dir='ltr'>facte</span> <span class='ocrx_word' id='word_1_102' title='bbox 1400 1655 1499 1721; x_wconf 90' lang='lat' dir='ltr'>robor</span> <span class='ocrx_word' id='word_1_103' title='bbox 1570 1713 1571 1738; x_wconf 16' lang='grc' dir='ltr'>ἶ</span> 
     </span>
     <span class='ocr_line' id='line_1_14' title="bbox 372 1761 1499 1850; baseline -0.004 -20"><span class='ocrx_word' id='word_1_104' title='bbox 372 1763 540 1848; x_wconf 85' lang='lat' dir='ltr'>optineant</span> <span class='ocrx_word' id='word_1_105' title='bbox 571 1767 725 1848; x_wconf 82' lang='lat' dir='ltr'>perpetue</span> <span class='ocrx_word' id='word_1_106' title='bbox 758 1761 930 1850; x_wconf 85' lang='lat' dir='ltr'>firmitatis,</span> <span class='ocrx_word' id='word_1_107' title='bbox 964 1782 1025 1831; x_wconf 89' lang='lat' dir='ltr'>nec</span> <span class='ocrx_word' id='word_1_108' title='bbox 1047 1761 1256 1849; x_wconf 90' lang='lat' dir='ltr'>imposterum</span> <span class='ocrx_word' id='word_1_109' title='bbox 1287 1763 1420 1828; x_wconf 85' lang='lat' dir='ltr'>ualeant</span> <span class='ocrx_word' id='word_1_110' title='bbox 1441 1779 1499 1848; x_wconf 92' lang='lat' dir='ltr'>per</span> 
     </span>
     <span class='ocr_line' id='line_1_15' title="bbox 374 1869 1497 1957; baseline -0.004 -19"><span class='ocrx_word' id='word_1_111' title='bbox 374 1869 561 1956; x_wconf 87' lang='lat' dir='ltr'>quempiam</span> <span class='ocrx_word' id='word_1_112' title='bbox 588 1871 620 1935; x_wconf 96' lang='lat' dir='ltr'>in</span> <span class='ocrx_word' id='word_1_113' title='bbox 638 1871 762 1937; x_wconf 92' lang='lat' dir='ltr'>irritum</span> <span class='ocrx_word' id='word_1_114' title='bbox 787 1871 941 1957; x_wconf 83' lang='lat' dir='ltr'>reuocari,</span> <span class='ocrx_word' id='word_1_115' title='bbox 965 1876 1132 1957; x_wconf 89' lang='lat' dir='ltr'>presentes</span> <span class='ocrx_word' id='word_1_116' title='bbox 1149 1869 1254 1937; x_wconf 84' lang='lat' dir='ltr'>eidem</span> <span class='ocrx_word' id='word_1_117' title='bbox 1277 1871 1497 1938; x_wconf 87' lang='lat' dir='ltr'>concessimus</span> 
     </span>
     <span class='ocr_line' id='line_1_16' title="bbox 376 1975 1571 2064; baseline -0.003 -19"><span class='ocrx_word' id='word_1_118' title='bbox 376 1980 499 2045; x_wconf 91' lang='lat' dir='ltr'>litteras</span> <span class='ocrx_word' id='word_1_119' title='bbox 509 1975 673 2064; x_wconf 89' lang='lat' dir='ltr'>dupplicis</span> <span class='ocrx_word' id='word_1_120' title='bbox 683 1978 790 2062; x_wconf 83' lang='lat' dir='ltr'>sigilli</span> <span class='ocrx_word' id='word_1_121' title='bbox 807 1975 909 2046; x_wconf 91' lang='lat' dir='ltr'>nostri</span> <span class='ocrx_word' id='word_1_122' title='bbox 919 1977 1096 2045; x_wconf 87' lang='lat' dir='ltr'>monimine</span> <span class='ocrx_word' id='word_1_123' title='bbox 1105 1978 1284 2044; x_wconf 87' lang='lat' dir='ltr'>roboratas.</span> <span class='ocrx_word' id='word_1_124' title='bbox 1308 1979 1428 2045; x_wconf 90' lang='lat' dir='ltr'>Datum</span> <span class='ocrx_word' id='word_1_125' title='bbox 1441 1996 1499 2062; x_wconf 91' lang='lat' dir='ltr'>per</span> <span class='ocrx_word' id='word_1_126' title='bbox 1570 1995 1571 1998; x_wconf 68' lang='grc'>’</span> 
     </span>
     <span class='ocr_line' id='line_1_17' title="bbox 374 2083 1498 2169; baseline -0.004 -16"><span class='ocrx_word' id='word_1_127' title='bbox 374 2103 490 2153; x_wconf 88' lang='lat' dir='ltr'>manus</span> <span class='ocrx_word' id='word_1_128' title='bbox 512 2085 663 2169; x_wconf 80' lang='lat' dir='ltr'>Magistri</span> <span class='ocrx_word' id='word_1_129' title='bbox 678 2086 847 2153; x_wconf 86' lang='lat' dir='ltr'>Benedicti</span> <span class='ocrx_word' id='word_1_130' title='bbox 866 2083 1056 2154; x_wconf 88' lang='lat' dir='ltr'>Orodiensis</span> <span class='ocrx_word' id='word_1_131' title='bbox 1077 2086 1225 2153; x_wconf 74' lang='lat' dir='ltr'>Ecclesie</span> <span class='ocrx_word' id='word_1_132' title='bbox 1243 2084 1403 2168; x_wconf 88' lang='lat' dir='ltr'>Prepositi</span> <span class='ocrx_word' id='word_1_133' title='bbox 1424 2085 1498 2150; x_wconf 90' lang='lat' dir='ltr'>aule</span> 
     </span>
     <span class='ocr_line' id='line_1_18' title="bbox 372 2193 1567 2279; baseline -0.003 -20"><span class='ocrx_word' id='word_1_134' title='bbox 372 2200 481 2261; x_wconf 89' lang='lat' dir='ltr'>nostre</span> <span class='ocrx_word' id='word_1_135' title='bbox 514 2193 787 2279; x_wconf 83' lang='lat' dir='ltr'>Vionancellarij</span> <span class='ocrx_word' id='word_1_136' title='bbox 823 2194 934 2262; x_wconf 90' lang='lat' dir='ltr'>dilecti</span> <span class='ocrx_word' id='word_1_137' title='bbox 966 2203 997 2262; x_wconf 90' lang='lat' dir='ltr'>et</span> <span class='ocrx_word' id='word_1_138' title='bbox 1030 2193 1136 2262; x_wconf 88' lang='lat' dir='ltr'>fideiis</span> <span class='ocrx_word' id='word_1_139' title='bbox 1167 2193 1269 2261; x_wconf 90' lang='lat' dir='ltr'>nostri</span> <span class='ocrx_word' id='word_1_140' title='bbox 1316 2213 1403 2259; x_wconf 90' lang='lat' dir='ltr'>auno</span> <span class='ocrx_word' id='word_1_141' title='bbox 1454 2194 1496 2256; x_wconf 88' lang='lat' dir='ltr'>ab</span> <span class='ocrx_word' id='word_1_142' title='bbox 1562 2228 1567 2237; x_wconf 95' lang='lat'>·</span> 
     </span>
     <span class='ocr_line' id='line_1_19' title="bbox 375 2297 1571 2387; baseline -0.002 -21"><span class='ocrx_word' id='word_1_143' title='bbox 375 2299 607 2370; x_wconf 87' lang='lat' dir='ltr'>incarnacione</span> <span class='ocrx_word' id='word_1_144' title='bbox 631 2297 762 2369; x_wconf 77' lang='lat' dir='ltr'>Do&#39;mini</span> <span class='ocrx_word' id='word_1_145' title='bbox 786 2302 959 2372; x_wconf 88' lang='lat' dir='ltr'>millesimo</span> <span class='ocrx_word' id='word_1_146' title='bbox 992 2303 1213 2371; x_wconf 88' lang='lat' dir='ltr'>ducentesimo</span> <span class='ocrx_word' id='word_1_147' title='bbox 1241 2301 1495 2387; x_wconf 83' lang='lat' dir='ltr'>septuagesimo.</span> <span class='ocrx_word' id='word_1_148' title='bbox 1562 2301 1571 2353; x_wconf 76' lang='grc'>-’</span> 
     </span>
    </p>
   </div>
   <div class='ocr_carea' id='block_1_5' title="bbox 376 2499 1501 2749">
    <p class='ocr_par' dir='ltr' id='par_1_6' title="bbox 376 2499 1501 2749">
     <span class='ocr_line' id='line_1_20' title="bbox 380 2499 1501 2567; baseline -0.002 -17"><span class='ocrx_word' id='word_1_149' title='bbox 380 2499 520 2562; x_wconf 82' lang='lat' dir='ltr'>(Eredetic</span> <span class='ocrx_word' id='word_1_150' title='bbox 551 2499 734 2566; x_wconf 71' lang='lat' dir='ltr'>bdrhdrtydm</span> <span class='ocrx_word' id='word_1_151' title='bbox 765 2502 884 2567; x_wconf 82' lang='lat' dir='ltr'>melyrttl</span> <span class='ocrx_word' id='word_1_152' title='bbox 915 2503 1114 2554; x_wconf 73' lang='lat' dir='ltr'>asold-barna</span> <span class='ocrx_word' id='word_1_153' title='bbox 1133 2499 1368 2567; x_wconf 81' lang='lat' dir='ltr'>selyemzsincron</span> <span class='ocrx_word' id='word_1_154' title='bbox 1385 2499 1501 2565; x_wconf 78' lang='lat' dir='ltr'>ffiggdtt</span> 
     </span>
     <span class='ocr_line' id='line_1_21' title="bbox 376 2588 1499 2658; baseline -0.003 -18"><span class='ocrx_word' id='word_1_155' title='bbox 376 2588 471 2653; x_wconf 73' lang='lat' dir='ltr'>posset</span> <span class='ocrx_word' id='word_1_156' title='bbox 489 2588 639 2658; x_wconf 82' lang='lat' dir='ltr'>elvesuett;</span> <span class='ocrx_word' id='word_1_157' title='bbox 658 2606 676 2642; x_wconf 89' lang='lat' dir='ltr'>a</span> <span class='ocrx_word' id='word_1_158' title='bbox 693 2591 777 2643; x_wconf 90' lang='lat' dir='ltr'>budai</span> <span class='ocrx_word' id='word_1_159' title='bbox 795 2591 900 2657; x_wconf 73' lang='lat' dir='ltr'>kiralyi</span> <span class='ocrx_word' id='word_1_160' title='bbox 912 2592 1040 2644; x_wconf 83' lang='lat' dir='ltr'>kamarai</span> <span class='ocrx_word' id='word_1_161' title='bbox 1053 2591 1237 2644; x_wconf 77' lang='lat' dir='ltr'>leveltdrban.</span> <span class='ocrx_word' id='word_1_162' title='bbox 1256 2589 1413 2642; x_wconf 75' lang='lat' dir='ltr'>Tdredciuet</span> <span class='ocrx_word' id='word_1_163' title='bbox 1425 2588 1499 2638; x_wconf 75' lang='lat' dir='ltr'>induli</span> 
     </span>
     <span class='ocr_line' id='line_1_22' title="bbox 652 2681 1231 2749; baseline 0 -16"><span class='ocrx_word' id='word_1_164' title='bbox 652 2681 734 2749; x_wconf 72' lang='lat' dir='ltr'>Fejer</span> <span class='ocrx_word' id='word_1_165' title='bbox 753 2681 817 2736; x_wconf 78' lang='lat' dir='ltr'>(iod.</span> <span class='ocrx_word' id='word_1_166' title='bbox 837 2683 912 2749; x_wconf 89' lang='lat' dir='ltr'>Dipi.</span> <span class='ocrx_word' id='word_1_167' title='bbox 931 2685 964 2736; x_wconf 89' lang='lat' dir='ltr'>V.</span> <span class='ocrx_word' id='word_1_168' title='bbox 984 2685 1043 2735; x_wconf 80' lang='lat' dir='ltr'>ket.</span> <span class='ocrx_word' id='word_1_169' title='bbox 1060 2689 1083 2734; x_wconf 91' lang='lat'>1.</span> <span class='ocrx_word' id='word_1_170' title='bbox 1102 2698 1124 2734; x_wconf 85' lang='lat' dir='ltr'>r.</span> <span class='ocrx_word' id='word_1_171' title='bbox 1145 2685 1187 2734; x_wconf 81' lang='lat'>54.</span> <span class='ocrx_word' id='word_1_172' title='bbox 1200 2683 1231 2746; x_wconf 91' lang='lat' dir='ltr'>l.)</span> 
     </span>
    </p>
   </div>
   <div class='ocr_carea' id='block_1_6' title="bbox 923 3527 954 3594">
    <p class='ocr_par' dir='ltr' id='par_1_7' title="bbox 923 3527 954 3594">
     <span class='ocr_line' id='line_1_23' title="bbox 923 3527 954 3594; baseline 0 0"><span class='ocrx_word' id='word_1_173' title='bbox 923 3527 954 3594; x_wconf 81' lang='grc'>6.</span> 
     </span>
    </p>
   </div>
   <div class='ocr_carea' id='block_1_7' title="bbox 385 3721 1502 3919">
    <p class='ocr_par' dir='ltr' id='par_1_8' title="bbox 385 3721 1502 3919">
     <span class='ocr_line' id='line_1_24' title="bbox 385 3721 1502 3814; baseline -0.002 -24"><span class='ocrx_word' id='word_1_174' title='bbox 385 3723 417 3790; x_wconf 91' lang='lat' dir='ltr'>V.</span> <span class='ocrx_word' id='word_1_175' title='bbox 441 3725 552 3791; x_wconf 68' lang='lat' dir='ltr'>[stodor</span> <span class='ocrx_word' id='word_1_176' title='bbox 575 3726 687 3812; x_wconf 76' lang='lat' dir='ltr'>kirctp</span> <span class='ocrx_word' id='word_1_177' title='bbox 709 3727 890 3813; x_wconf 70' lang='lat' dir='ltr'>oceqcrdss‘ts‘</span> <span class='ocrx_word' id='word_1_178' title='bbox 911 3749 931 3790; x_wconf 88' lang='lat' dir='ltr'>o</span> <span class='ocrx_word' id='word_1_179' title='bbox 964 3721 1203 3813; x_wconf 76' lang='lat' dir='ltr'>paaoocirobmi</span> <span class='ocrx_word' id='word_1_180' title='bbox 1229 3727 1369 3814; x_wconf 74' lang='lat' dir='ltr'>oprttsdp</span> <span class='ocrx_word' id='word_1_181' title='bbox 1393 3725 1502 3812; x_wconf 70' lang='lat' dir='ltr'>erepci-</span> 
     </span>
     <span class='ocr_line' id='line_1_25' title="bbox 698 3833 1185 3919; baseline -0.002 -21"><span class='ocrx_word' id='word_1_182' title='bbox 698 3835 760 3900; x_wconf 83' lang='lat' dir='ltr'>oek</span> <span class='ocrx_word' id='word_1_183' title='bbox 774 3833 1072 3919; x_wconf 75' lang='lat' dir='ltr'>ocmraabadscpct.</span> <span class='ocrx_word' id='word_1_184' title='bbox 1090 3837 1185 3900; x_wconf 77' lang='lat'><strong><em>1270.</em></strong></span> 
     </span>
    </p>
   </div>
   <div class='ocr_carea' id='block_1_8' title="bbox 377 4012 1571 4655">
    <p class='ocr_par' dir='ltr' id='par_1_9' title="bbox 377 4012 1571 4655">
     <span class='ocr_line' id='line_1_26' title="bbox 484 4012 1566 4115; baseline 0 -20"><span class='ocrx_word' id='word_1_185' title='bbox 484 4028 670 4115; x_wconf 87' lang='lat' dir='ltr'>Stephanus</span> <span class='ocrx_word' id='word_1_186' title='bbox 696 4030 758 4096; x_wconf 87' lang='lat' dir='ltr'>Dei</span> <span class='ocrx_word' id='word_1_187' title='bbox 789 4029 901 4115; x_wconf 81' lang='lat' dir='ltr'>gracia</span> <span class='ocrx_word' id='word_1_188' title='bbox 932 4029 1110 4114; x_wconf 82' lang='lat' dir='ltr'>Hungarie‚</span> <span class='ocrx_word' id='word_1_189' title='bbox 1142 4029 1325 4115; x_wconf 81' lang='lat' dir='ltr'>Deimacie,</span> <span class='ocrx_word' id='word_1_190' title='bbox 1358 4029 1492 4095; x_wconf 82' lang='lat' dir='ltr'>Croucie</span> <span class='ocrx_word' id='word_1_191' title='bbox 1562 4012 1566 4021; x_wconf 51' lang='lat'><strong>¹</strong></span> 
     </span>
     <span class='ocr_line' id='line_1_27' title="bbox 380 4134 1504 4226; baseline 0.001 -25"><span class='ocrx_word' id='word_1_192' title='bbox 380 4135 492 4222; x_wconf 85' lang='lat' dir='ltr'>Reme,</span> <span class='ocrx_word' id='word_1_193' title='bbox 509 4136 633 4225; x_wconf 90' lang='lat' dir='ltr'>Seruie,</span> <span class='ocrx_word' id='word_1_194' title='bbox 648 4134 797 4226; x_wconf 76' lang='lat' dir='ltr'>Gallicis,</span> <span class='ocrx_word' id='word_1_195' title='bbox 813 4137 1014 4224; x_wconf 90' lang='lat' dir='ltr'>Lodcmcrie,</span> <span class='ocrx_word' id='word_1_196' title='bbox 1032 4137 1188 4205; x_wconf 80' lang='lat' dir='ltr'>Cumanis</span> <span class='ocrx_word' id='word_1_197' title='bbox 1202 4138 1425 4221; x_wconf 83' lang='lat' dir='ltr'>Bnlgarieqoe</span> <span class='ocrx_word' id='word_1_198' title='bbox 1434 4137 1504 4203; x_wconf 86' lang='lat' dir='ltr'>Rex</span> 
     </span>
     <span class='ocr_line' id='line_1_28' title="bbox 377 4242 1503 4332; baseline 0 -24"><span class='ocrx_word' id='word_1_199' title='bbox 377 4242 526 4311; x_wconf 89' lang='lat' dir='ltr'>omnibus</span> <span class='ocrx_word' id='word_1_200' title='bbox 541 4249 608 4310; x_wconf 89' lang='lat' dir='ltr'>tam</span> <span class='ocrx_word' id='word_1_201' title='bbox 624 4246 832 4330; x_wconf 89' lang='lat' dir='ltr'>presentibus</span> <span class='ocrx_word' id='word_1_202' title='bbox 848 4266 944 4330; x_wconf 90' lang='lat' dir='ltr'>qnam</span> <span class='ocrx_word' id='word_1_203' title='bbox 960 4244 1076 4314; x_wconf 82' lang='lat' dir='ltr'>futuris</span> <span class='ocrx_word' id='word_1_204' title='bbox 1106 4254 1273 4332; x_wconf 89' lang='lat' dir='ltr'>presentes</span> <span class='ocrx_word' id='word_1_205' title='bbox 1300 4245 1425 4314; x_wconf 85' lang='lat' dir='ltr'>litteras</span> <span class='ocrx_word' id='word_1_206' title='bbox 1456 4244 1503 4309; x_wconf 90' lang='lat' dir='ltr'>in-</span> 
     </span>
     <span class='ocr_line' id='line_1_29' title="bbox 377 4351 1503 4437; baseline 0.001 -21"><span class='ocrx_word' id='word_1_207' title='bbox 377 4351 538 4437; x_wconf 88' lang='lat' dir='ltr'>specturis</span> <span class='ocrx_word' id='word_1_208' title='bbox 569 4353 709 4420; x_wconf 87' lang='lat' dir='ltr'>salutem</span> <span class='ocrx_word' id='word_1_209' title='bbox 741 4353 776 4422; x_wconf 93' lang='lat' dir='ltr'>in</span> <span class='ocrx_word' id='word_1_210' title='bbox 807 4355 948 4422; x_wconf 91' lang='lat' dir='ltr'>omnium</span> <span class='ocrx_word' id='word_1_211' title='bbox 980 4355 1152 4422; x_wconf 86' lang='lat' dir='ltr'>saluatore.</span> <span class='ocrx_word' id='word_1_212' title='bbox 1193 4353 1246 4420; x_wconf 87' lang='lat' dir='ltr'>Ad</span> <span class='ocrx_word' id='word_1_213' title='bbox 1276 4353 1503 4422; x_wconf 84' lang='lat' dir='ltr'>uniuersorum</span> 
     </span>
     <span class='ocr_line' id='line_1_30' title="bbox 377 4456 1571 4547; baseline 0.003 -24"><span class='ocrx_word' id='word_1_214' title='bbox 377 4456 549 4544; x_wconf 73' lang='lat' dir='ltr'>Comitum,</span> <span class='ocrx_word' id='word_1_215' title='bbox 566 4458 954 4547; x_wconf 84' lang='lat' dir='ltr'>Posouycnsisvidelicct‚</span> <span class='ocrx_word' id='word_1_216' title='bbox 972 4460 1156 4547; x_wconf 90' lang='lat' dir='ltr'>Nitricnsis,</span> <span class='ocrx_word' id='word_1_217' title='bbox 1173 4461 1365 4546; x_wconf 87' lang='lat' dir='ltr'>Jauriensis,</span> <span class='ocrx_word' id='word_1_218' title='bbox 1383 4461 1505 4527; x_wconf 87' lang='lat' dir='ltr'>Kama-</span> <span class='ocrx_word' id='word_1_219' title='bbox 1570 4485 1571 4506; x_wconf 77' lang='lat'>³</span> 
     </span>
     <span class='ocr_line' id='line_1_31' title="bbox 377 4565 1505 4655; baseline 0.004 -23"><span class='ocrx_word' id='word_1_220' title='bbox 377 4565 539 4651; x_wconf 88' lang='lat' dir='ltr'>riniensis,</span> <span class='ocrx_word' id='word_1_221' title='bbox 565 4566 836 4654; x_wconf 84' lang='lat' dir='ltr'>Wesprimiensis,</span> <span class='ocrx_word' id='word_1_222' title='bbox 860 4567 1088 4655; x_wconf 85' lang='lat' dir='ltr'>Zaiadyeusis,</span> <span class='ocrx_word' id='word_1_223' title='bbox 1111 4567 1329 4654; x_wconf 84' lang='lat' dir='ltr'>Symigicusis</span> <span class='ocrx_word' id='word_1_224' title='bbox 1352 4576 1383 4636; x_wconf 91' lang='lat' dir='ltr'>ct</span> <span class='ocrx_word' id='word_1_225' title='bbox 1407 4567 1505 4636; x_wconf 80' lang='lat' dir='ltr'>Thol-</span> 
     </span>
    </p>
   </div>
   <div class='ocr_carea' id='block_1_9' title="bbox 0 0 1636 5206">
    <p class='ocr_par' dir='ltr' id='par_1_10' title="bbox 0 0 1636 5206">
     <span class='ocr_line' id='line_1_32' title="bbox 0 0 1636 5206; baseline 0 0"><span class='ocrx_word' id='word_1_226' title='bbox 0 0 1636 5206; x_wconf 95' lang='lat' dir='ltr'> </span> 
     </span>
    </p>
   </div>
  </div>
 </body>
</html>
