3190 5190
563 402 566 408 ·
632 374 791 472 „12³-

156 569 333 654 observarc‚
350 575 434 636 etse
449 567 594 635 facturos
611 573 832 648 etcnrnturos,
853 567 940 651 qnod
955 567 1100 652 quelibet
1116 571 1290 646 diotarm
1413 569 1414 574 ’
1478 575 1481 584 ·
1505 563 1566 668 :¹321Z

156 675 405 744 Universitatnm
422 674 533 743 omnia
549 680 582 741 et
595 675 727 760 singula
741 672 947 742 ratifioabunt
971 681 1004 741 et
1028 680 1273 762 approbabuut;

156 786 293 851 iurantes
318 781 383 870 ipsi
397 781 514 850 sindioi
529 783 743 868 corporaliter
759 781 902 867 prestitis
917 785 1131 852 sacramentis
1146 788 1278 856 nomine

155 889 406 959 Universitatum
438 889 581 975 ipsarum
613 895 646 957 et
672 889 705 955 in
740 889 911 958 animabus
942 889 1106 958 hominum
1131 893 1277 978 ipserum

155 998 406 1068 Universitatum
431 1018 472 1064 ax
487 1002 650 1084 potestate
681 1015 838 1066 concessa
869 997 917 1066 eis
949 1019 971 1064 a
987 999 1084 1068 dietis
1109 1001 1281 1070 Universi-

13 1065 22 1122 ³·
155 1107 269 1176 cobus
285 1107 398 1173 omnia
414 1113 446 1173 et
461 1106 593 1190 singula
617 1106 840 1191 suprascripta
865 1105 1033 1174 ostendere
1048 1114 1081 1175 et
1106 1109 1278 1177 observare

152 1223 180 1281 cl
193 1233 258 1280 non
288 1213 514 1280 contravenire
549 1210 591 1278 de
621 1210 691 1279 iure
721 1211 775 1279 vel
801 1211 842 1279 de
869 1210 957 1280 sacto
988 1216 1048 1281 sub
1081 1215 1280 1300 obligatione

13 1403 15 1412 y
150 1324 300 1388 bonorum
318 1321 463 1389 omnium
473 1318 729 1388 Universitatum
739 1321 891 1405 ipsarum.
903 1320 941 1388 ln
951 1324 1043 1390 cuius
1058 1325 1281 1392 testimoninm

13 1429 15 1542 ἐ
151 1437 181 1496 ot
195 1428 337 1514 predicti
353 1426 478 1493 domini
492 1428 592 1510 Regis
623 1425 739 1496 Sicilie
769 1447 809 1496 ac
838 1427 1053 1512 predictorum
1085 1430 1279 1500 sindicornm

13 1547 15 1618 ζ
152 1537 277 1604 nomino
292 1553 334 1602 ac
343 1555 402 1621 pro
417 1539 509 1620 parte
525 1533 683 1604 dictarum
696 1535 950 1603 Universitatum
965 1537 1127 1603 cautelam
1143 1557 1281 1622 presens

13 1633 15 1702 ἶ
152 1643 302 1730 scriptum
320 1641 438 1711 exinde
455 1640 703 1711 conleotnmost
718 1662 775 1728 per
790 1662 905 1710 manus
921 1642 1124 1711 meiNotarii
1141 1645 1280 1729 predicti
1414 1741 1416 1744 Ι
1538 1625 1579 1742 [¹33

151 1748 268 1817 llathei
294 1749 463 1819 Barabelli
488 1750 530 1817 de
556 1749 686 1839 Gaieta,
707 1749 854 1818 eiusdem
871 1749 968 1818 Ourie
982 1750 1120 1818 actualis
1135 1751 1273 1836 Nolani,

13 1851 14 1856 ’
155 1877 223 1924 mco
238 1859 336 1944 signo
350 1857 526 1945 signatum,
544 1863 577 1924 at
587 1878 685 1926 mmo
701 1860 756 1942 qui
772 1877 873 1944 supra
882 1855 1032 1926 Judioum
1049 1862 1081 1923 et
1095 1855 1280 1943 infrascrip-

155 1971 255 2033 tomm
271 1967 406 2035 tertium
420 1964 712 2050 subscriptionibus
732 1964 929 2033 roboratum.

206 2089 207 2092 ’
259 2073 427 2142 Mathone.
447 2073 517 2158 Ego
532 2072 780 2140 Bartholomens
796 2073 838 2140 do
853 2071 983 2140 Straliis
998 2072 1038 2141 de
1047 2073 1150 2156 Regio
1166 2072 1285 2160 Magne

154 2182 253 2266 Regio
284 2181 384 2248 (luris
415 2179 534 2249 ludex.
566 2181 638 2265 ligo
669 2181 811 2248 Jacobns
843 2181 1034 2250 deUdundo
1050 2181 1170 2268 Magne
1184 2184 1285 2268 Regio

155 2289 250 2355 (luris
265 2288 386 2356 Jndex.
403 2289 473 2372 Ego
489 2288 658 2356 Johanues
672 2288 714 2355 dc
728 2287 848 2356 Alreuo
864 2289 943 2358 Vioe
958 2290 1115 2375 Magister
1139 2289 1284 2360 iusticie.

160 2397 226 2479 Ego
257 2394 405 2464 Thomas
436 2395 478 2462 de
508 2397 609 2464 Porta
640 2396 728 2464 Jnris
760 2397 829 2464 eins
855 2396 1023 2465 Professor
1048 2397 1168 2465 domini
1184 2397 1284 2482 Regis

156 2502 368 2571 consiliarius
400 2512 432 2570 et
463 2503 549 2572 infra
564 2504 768 2591 subscriptus
791 2505 858 2588 sgo
896 2505 1039 2572 Joannes
1069 2504 1111 2574 de
1142 2504 1286 2589 Bragida

155 2611 256 2680 testis.

277 2811 413 2875 (Ljubics,
433 2811 557 2862 Menum.
578 2826 618 2873 sp.
639 2811 704 2860 hist.
725 2809 799 2860 Slav.
818 2810 916 2860 Merid.
937 2812 958 2860 Ι.
979 2809 1036 2858 ludit.
1056 2813 1113 2858 108.
1134 2810 1164 2870 l.)

694 3626 767 3694 llo.
795 3645 801 3654 ’

158 3826 189 3888 Α
209 3825 420 3913 neppvdoedi
435 3825 945 3913 lodptalancclobiaocysc'pleoele,
960 3827 1043 3913 lscpy
1052 3823 1289 3892 SisseriEcdrc
1400 3805 1407 3812 ”

160 3934 270 3999 Molo-i
297 3932 492 3999 licostenes
523 3933 762 3998 hcomedrdscdt
795 3935 945 4001 Nebrodi
975 3933 1146 3998 ιΙεῑποεῆιαῖσ
1177 3934 1291 3999 cledon.

684 4041 782 4107 1274.

272 4233 395 4302 Amicis
425 4233 492 4302 suis
524 4233 725 4302 Reuerendis
758 4233 937 4304 Conuentui
969 4235 1114 4302 Ecclesie
1140 4232 1179 4300 de
1195 4235 1292 4304 Lelez

162 4341 323 4410 Nicolaus
338 4339 379 4409 de
395 4339 485 4408 Gara
500 4341 606 4426 Regni
620 4341 788 4428 Hungarie
814 4341 982 4410 Palatinus
1000 4348 1031 4410 et
1046 4341 1154 4410 Judex
1177 4341 1293 4410 Coma-

160 4469 281 4517 nornm
312 4451 374 4517 stb.
405 4447 572 4517 Noueritis
603 4450 691 4531 quod
722 4470 793 4518 cum
825 4449 974 4534 primitus
1005 4449 1174 4518 lohannes
1205 4450 1292 4519 lilius

164 4555 331 4622 Valentini
363 4553 422 4639 lilij
455 4555 614 4624 Johannis
647 4555 702 4641 filij
735 4555 875 4625 Mathins
905 4556 946 4625 dc
976 4557 1119 4643 Nabrad,
1151 4565 1184 4625 el
1214 4559 1297 4626 alter

164 4663 336 4730 Johaunes
367 4659 453 4730 filius
472 4661 633 4730 Johenuis
650 4661 706 4748 filij
724 4661 857 4751 Georgij
876 4663 934 4750 filij
952 4664 1112 4734 iohannis
1128 4665 1183 4752 filij
1202 4667 1291 4751 Apta

1480 4743 1553 4839 μ
1576 4675 1582 4695 ’
