3190 5190
16 2 250 193 Γ,

114 512 296 597 presencium
337 528 435 594 quam
476 509 658 576 futurorum
691 504 845 572 noticiam
875 509 988 568 tenore
1019 497 1222 586 presencium

113 621 247 686 uolumus
261 617 429 704 peruenire
446 639 453 680 ε
472 614 559 698 quod
575 613 790 681 Sebastianus
806 611 922 678 Comes
939 607 981 675 de
1006 607 1116 672 Torua
1145 604 1221 672 fide·

113 727 149 794 lis
163 731 263 796 nottm
292 725 333 792 ad
348 728 494 792 nostram
509 720 673 790 accedens
692 719 896 807 presenciam
913 713 1036 784 exibuit
1052 712 1147 781 nobis
1166 731 1223 796 pa·

114 839 206 900 tentm
219 833 343 901 litterae
360 837 489 900 nostras
505 849 604 915 super
621 828 710 896 facto
741 825 910 896 cuiusdam
941 829 1026 890 terre
1057 820 1152 888 Nilos
1170 838 1226 886 vo·

641 312 677 374 tlt

114 947 177 1007 cate
203 947 379 1023 emanatas,
410 945 526 1026 petens
543 959 564 1005 a
579 937 675 1006 uobis
690 955 763 1004 cum
789 932 961 1017 instancia,
978 940 1012 1000 vt
1030 934 1119 1017 ipsas
1135 935 1224 996 ratas
1254 941 1255 946 ’

16 1053 18 1128 Ῐ
113 1045 228 1130 babere,
243 1052 274 1113 et
289 1053 399 1114 nosbo
415 1046 626 1129 dignaremur
642 1042 815 1130 priuilegio
848 1039 1049 1108 confirmare.
1080 1035 1224 1115 Quarum

16 1149 18 1194 f
110 1151 231 1234 qudem
246 1154 429 1223 tenortalis
445 1161 520 1222 este

16 1301 18 1362 3
207 1260 467 1329 NosLadiclaus
482 1260 547 1328 Dei
571 1258 768 1344 graciaRex
784 1256 1030 1342 Hungariestb.
1058 1249 1228 1340 (kbretke

16 1379 18 1426 ὲ
114 1367 163 1435 nik
176 1369 226 1434 IV.
241 1369 358 1434 Lcszlo
374 1366 554 1454 kirtlynak
570 1364 852 1452 adomtnylevele,
870 1364 951 1430 ruint
963 1363 1095 1430 tentebb
1111 1363 1164 1430 88.
1180 1379 1226 1426 sn.

16 1497 18 1566 g
111 1472 235 1560 alati.)'

16 1571 18 1602 '
206 1581 272 1649 Nos
301 1581 404 1665 igitur
433 1579 607 1649 fidelitates
620 1589 653 1648 et
668 1581 877 1649 berniciorum
910 1578 1026 1646 merita
1047 1576 1150 1662 ipsius
1166 1572 1228 1640 00-

16 1745 20 1758 .
113 1687 188 1755 mitis
202 1688 399 1772 Sebastiaui,
416 1708 479 1774 que
495 1688 581 1757 idem
592 1691 626 1756 iu
636 1686 773 1757 diuersis
790 1686 1057 1774 expedicionibus
1073 1679 1229 1772 (Regum)

16 1803 18 1840 ³
115 1795 239 1880 lugarie
269 1794 441 1864 karissimi
471 1797 575 1883 patris
593 1795 695 1865 nostri
712 1797 813 1882 Regis
829 1794 988 1881 Stephani
1004 1792 1110 1860 felicis
1126 1810 1230 1858 recor·

16 1957 18 1970 ,
112 1901 253 1987 nacionis,
269 1910 302 1970 et
319 1902 439 1970 nostris
469 1904 684 1989 temporibus,
701 1909 734 1970 et
764 1901 950 1989 specialiter
975 1902 1009 1969 in
1041 1907 1148 1968 castm
1165 1898 1231 1966 Kc·

16 2031 18 2066 ι
113 2008 257 2092 pornicba
286 2015 418 2096 uocato,
445 2011 489 2078 ad
506 2012 593 2095 quod
608 2031 630 2078 a
645 2012 732 2078 faeie
748 2009 914 2079 karissimi
931 2009 1033 2096 patris
1049 2006 1152 2075 nostri
1167 2023 1228 2072 nos

16 2137 21 2210 ς
110 2135 334 2203 receperamus,
351 2137 392 2184 ac
409 2119 443 2186 in
469 2120 696 2204 expugacione
712 2117 819 2185 Oastri
842 2115 1036 2202 Jamiensis,
1070 2113 1155 2201 quod
1170 2133 1230 2200 per

110 2221 290 2292 leotonicos
323 2223 399 2310 capi
429 2225 629 2310 contigerat;
654 2244 794 2292 necnon
810 2227 871 2292 sub
887 2231 993 2292 cosmo
1009 2222 1133 2292 Detrvb
1149 2241 1229 2289 nun·

16 2381 18 2408 ,
111 2339 225 2418 cupato,
241 2333 296 2400 rbi
317 2333 479 2400 exercitus
494 2333 595 2417 Regis
612 2333 804 2400 Boemorum
823 2339 937 2398 contra
952 2351 1011 2399 nos
1034 2309 1233 2414 insurgebat,

109 2433 233 2505 fideliter
262 2438 436 2529 impendit,
467 2439 684 2508 laudabiliter
715 2446 748 2506 et
764 2439 888 2523 deuote,
908 2437 1110 2523 benignitate
1127 2437 1232 2522 Regia

109 2555 329 2628 recensentes3
351 2565 548 2630 quamquam
565 2568 623 2634 per
647 2548 708 2615 hec
724 2555 757 2614 et
786 2567 845 2633 per
876 2547 943 2614 alia
974 2565 1037 2614 sua
1069 2544 1232 2613 meritoria

110 2650 240 2717 seruicia
282 2651 485 2721 attollendus
525 2655 701 2723 maioribus
737 2653 921 2735 baberetur,
953 2652 1092 2719 eandem
1124 2657 1232 2719 tamen

110 2762 218 2823 terram
235 2765 449 2827 memoratam
465 2759 583 2829 comiti
598 2760 794 2828 Sebastiano
810 2769 840 2828 et
855 2781 912 2848 per
940 2780 1012 2827 eum
1043 2761 1111 2826 suis
1143 2759 1229 2826 hore·
1339 2821 1346 2834 ,

17 2961 18 2964 ¹
108 2863 195 2931 dibus
225 2865 450 2952 heredumque
476 2888 606 2936 suorum
622 2869 846 2937 sucessoribus
861 2866 1020 2953 dedimus,
1038 2866 1232 2934 donabimus

112 2979 138 3034 et
154 2972 348 3040 contulimus
363 2974 432 3040 iure
451 2984 591 3060 pepetuo
623 2974 873 3061 possidendam,
898 2980 931 3044 et
960 2975 1050 3060 ipsas
1082 2979 1234 3059 patentes

17 3079 18 3162 ξ
106 3073 227 3144 litteras
258 3087 391 3148 nostras
422 3089 511 3151 ratas
543 3083 701 3152 habentes
727 3091 759 3150 et
776 3090 938 3170 acceptas,
955 3082 1149 3152 auctoritate
1163 3099 1234 3167 pre-

17 3251 18 3264 ,
109 3183 246 3252 cencium
263 3186 416 3256 duximus
435 3190 685 3260 confirmandas.
713 3191 752 3257 In
768 3192 859 3260 cuius
875 3189 921 3259 rei
936 3189 1126 3258 memoriam
1142 3187 1236 3256 drmi-

17 3331 19 3384 ,
109 3297 268 3377 mamque
299 3303 493 3382 perpetuam
525 3305 693 3386 presentes
718 3299 936 3366 concessimus
954 3297 1081 3366 litteras
1096 3295 1235 3384 duplicis

17 3487 20 3520 Ρ
109 3397 204 3481 sigilli
220 3401 326 3468 nostri
341 3392 522 3472 munimine
538 3406 719 3474 roboratas.
736 3406 857 3474 Datum
872 3425 929 3493 per
945 3424 1060 3474 manus
1085 3404 1235 3490 Magistri
1289 3450 1292 3454 -

18 3591 19 3622 ᾖ
110 3505 272 3574 Benedicti
304 3508 425 3579 Sancte
457 3513 696 3600 Strigouieusis
726 3515 873 3585 Ecclesia
903 3517 1009 3586 illecti
1025 3517 1236 3603 eiusdemque

18 3689 19 3696 ἵ
108 3610 166 3676 loci
182 3608 319 3682 Comitis
337 3619 494 3704 perpetui,
510 3621 674 3706 Prepesiti
689 3620 848 3691 Budeusis
865 3629 898 3689 et
912 3622 988 3690 aule
1012 3629 1125 3690 nostre
1156 3625 1237 3691 Vico

18 3759 19 3762 =
110 3717 305 3807 Cancellarij
323 3721 434 3792 dilecti
450 3732 482 3794 et
493 3727 602 3797 fidelis
619 3729 731 3812 nostri,
752 3749 839 3798 anno
855 3728 988 3798 Domini
1004 3728 1236 3798 bl⁰OO⁰LXX⁰

18 3863 19 3870 κ
108 3833 230 3912 quarto,
260 3829 333 3895 Vll.
364 3828 525 3902 kalendas
557 3833 708 3904 Octobris
740 3835 928 3904 Indlccionc
958 3836 1104 3904 secunda
1134 3838 1238 3922 Regni

108 3938 212 3998 autem
245 3937 350 4003 nostri
380 3959 467 4007 auno
498 3942 608 4010 tercio.
640 3942 888 4013 Venerabilibus
904 3941 1054 4030 patribus
1070 3943 1236 4031 Stephano

18 4057 20 4144 t
108 4034 281 4110 baiocensi
297 4051 330 4111 et
361 4046 512 4116 Jobaune
543 4050 730 4134 Spalatensi
760 4049 1042 4136 Arcbiepiscopis;
1066 4051 1240 4137 lamperto

108 4144 272 4233 bgrieusi,
304 4151 430 4221 Briccio
446 4155 676 4247 Chenadiensi,
693 4157 753 4225 Job
767 4155 1123 4244 Quinqueecclesiensi,
1138 4157 1241 4227 Paulo

18 4271 20 4336 3
108 4251 344 4336 Vesprimiensi
360 4261 437 4329 aule
453 4268 563 4332 nostre
580 4263 793 4348 Cancellario,
811 4264 941 4350 Philipo
965 4265 1131 4333 Waoicnsi
1162 4267 1237 4334 aule

106 4356 240 4452 domine
270 4365 394 4450 Regino
409 4369 585 4438 karissime
601 4371 762 4442 consortis
778 4379 888 4442 nostre
903 4369 1122 4459 Oaucellario,
1139 4371 1242 4440 Ledo·

19 4535 20 4540 ,
107 4468 206 4572 merie
223 4469 443 4563 Waradieaai,
461 4477 608 4546 ‘limoteo
634 4479 859 4565 Zagrabiensi,
891 4479 1038 4547 Dionisio
1069 4480 1225 4548 lauriens

19 4613 20 4688 3
109 4581 142 4639 et
156 4578 260 4648 Petro
291 4582 512 4653 ‘l'ransiluauo
543 4585 717 4672 Episcopis
748 4587 919 4656 Ecclesias
950 4587 1013 4655 Dei
1028 4586 1169 4656 feliciter
1184 4609 1244 4674 gu·
