3096 5202
571 437 730 536 ..ae-
835 537 840 550 .

1 669 2 722 l
94 621 155 691 lilio
184 623 327 714 Nieulai‚
344 626 509 695 Clemente
524 628 590 697 filio
607 629 741 699 alterins
758 628 918 718 Gregorij,
933 616 1099 717 Stephano
1115 631 1215 700 fratre

1 797 3 830 r
94 732 231 800 eiusdem
248 732 425 804 Clementis
440 737 577 824 carnali,
594 739 757 806 Demetrio
783 739 849 806 filio
882 739 995 825 Blasij,
1027 739 1214 808 Walentiuu

1 833 2 923 l
92 837 153 905 filio
169 841 294 929 Jacobi,
312 843 477 929 Stephano
494 851 619 912 sertore
636 846 677 914 de
697 847 935 935 Dragowanuh,
967 846 1115 916 Johanne
1146 847 1213 916 filio

1 943 2 987 ³
92 949 224 1037 Andrus,
242 951 401 1037 Gregorio
417 953 485 1020 filio
496 953 676 1042 Benedicti,
693 954 819 1024 Thomu
829 956 895 1023 filio
906 957 1067 1045 Dyonisii,
1083 955 1215 1024 Andrea
1251 955 1262 969 '

1 1047 2 1113 3
92 1055 154 1123 filiu
167 1056 333 1148 Barnabe,
359 1060 522 1128 Anthonio
540 1063 606 1130 filio
622 1063 763 1151 Andros,
779 1064 945 1132 Demetrio
963 1065 1029 1132 lilio
1045 1065 1214 1150 lobannis,

1 1165 3 1247 l
91 1166 258 1236 Valentino
275 1168 344 1237 tilio
361 1171 462 1255 quen,
480 1172 582 1239 Paulo
612 1173 678 1240 filio
710 1173 854 1258 Martini,
886 1181 917 1242 et
948 1173 1116 1242 Clemente
1148 1171 1212 1239 filie

1 1321 2 1338 2
90 1273 206 1343 'l'bome
221 1275 265 1343 de
296 1278 529 1366 Lnkaehoneh,
550 1279 715 1364 Blagonia
731 1281 797 1349 filio
815 1283 931 1368 Blasij,
949 1281 1046 1368 Myle
1063 1287 1095 1346 et
1110 1279 1213 1346 Paulo

0 1386 1 1389 ’
90 1380 161 1466 filijs
175 1384 265 1450 Petri
282 1385 325 1453 de
342 1387 575 1474 Blaeistroueb,
593 1387 764 1456 Nobilibus
780 1389 985 1457 Predialibus
1003 1397 1035 1457 et
1059 1386 1214 1470 lobagiu-

0 1527 1 1530 =
90 1488 176 1558 nibus
206 1493 329 1576 prefati
361 1494 468 1562 Castri
498 1497 640 1583 Repello,
672 1498 804 1564 eosdem
820 1498 853 1564 in
878 1505 1062 1583 presentem
1081 1513 1212 1562 eausam

1 1627 2 1677 3
88 1594 339 1688 intromittendo,
381 1603 482 1688 ijdem
529 1620 602 1670 eum
634 1604 866 1689 procuratoriis
908 1604 1025 1671 litteris
1056 1601 1215 1668 Comitum

1 1705 3 1800 l
91 1704 283 1775 utJudioum
316 1708 481 1778 Nobilium
513 1709 693 1778 Comitatus
725 1711 908 1798 Crieyensis
938 1711 981 1778 ab
1012 1731 1097 1794 vna;
1122 1713 1222 1795 purte.

1 1809 2 1898 ἶ
88 1831 159 1880 Υνειό
176 1832 215 1880 ex
231 1817 342 1884 altera
357 1815 487 1901 prefata
503 1816 622 1884 nobilis
640 1815 771 1884 domina
795 1819 909 1885 reliote
933 1818 1053 1902 prefati
1083 1815 1215 1882 Martini

1 1914 2 2003 ᾖ
91 1918 166 1987 Dani
195 1921 296 1992 Anna
311 1931 438 2010 rosata,
456 1931 487 1992 et
503 1911 664 2009 Georglus
680 1923 767 1992 tilius
787 1927 866 2012 eius,
883 1947 991 1993 eoram
1008 1925 1102 1992 nobis
1118 1923 1214 1990 adhe·

90 2033 202 2115 rentes,
219 2038 253 2098 et
270 2032 337 2116 ipsi
354 2033 524 2100 Prediales
547 2031 744 2099 exhibitione
762 2032 941 2099 litterarum
968 2031 1218 2118 priuilegialium

92 2133 207 2204 domini
238 2139 343 2224 Regis
374 2139 530 2208 Lodouiei
550 2139 677 2208 duobus
698 2139 817 2225 sigillis
834 2140 902 2208 suis
918 2138 1126 2226 dupplieibus
1142 2159 1217 2225 pen-

92 2239 245 2328 dentibus,
262 2267 330 2313 uno
348 2245 447 2332 priori
464 2252 497 2314 et
513 2245 648 2330 antiquo
666 2247 700 2312 in
720 2247 865 2332 partibus
891 2245 1008 2313 Wnure
1040 2243 1219 2334 deperdito,

1 2339 2 2398 ἐ
91 2355 119 2414 et
133 2352 197 2418 alio
212 2373 303 2421 novo
334 2353 598 2439 eousignatarum
629 2375 716 2421 anno
733 2353 855 2438 gracie,
877 2353 1048 2421 millesimo
1066 2361 1218 2421 trecente·

1 2461 3 2542 j
92 2453 166 2524 simo
182 2461 455 2546 quinquagesimo
472 2468 574 2550 sexto,
591 2467 706 2529 octauo
724 2459 797 2528 idus
820 2460 927 2545 Apilis
958 2461 1089 2548 mensis,
1118 2459 1221 2546 Regni

1 2572 2 2654 ᾗ
92 2573 193 2634 eutem
226 2569 281 2637 sni
313 2589 398 2636 anno
414 2569 527 2654 quinto
558 2567 683 2636 decimo
700 2565 933 2652 confectarum,
949 2574 981 2637 et
997 2569 1128 2638 tandem
1146 2569 1221 2636 duo·

1 2698 2 2728 r
93 2671 209 2743 decimu
224 2676 383 2745 kalendis
399 2677 519 2746 mensis
535 2676 624 2763 Junij
643 2697 730 2743 anno
744 2675 876 2744 Domini
894 2677 1066 2744 millesimo
1098 2683 1219 2746 treeen·

93 2783 201 2851 tesimo
233 2785 444 2869 sexagesimo
474 2792 590 2870 quarto
607 2785 877 2869 confirmatarum,
898 2805 960 2868 que
976 2793 1120 2853 tenorem
1137 2785 1217 2852 litte·

93 2909 194 2958 rerum
212 2894 315 2979 Regis
330 2893 480 2962 Ludizlai
497 2893 555 2977 filij
576 2892 744 2979 Stephani,
771 2893 831 2977 filij
864 2893 942 2959 Bele
973 2895 1072 2976 Regis
1105 2893 1221 2979 quarti,

1 3069 2 3095 χ
92 3017 172 3066 anno
202 3000 339 3068 domino
378 3001 551 3067 millesimo
595 2999 814 3067 ducentesimo
848 3001 1088 3085 septuagesimo
1124 3019 1217 3082 nono,

1 3097 2 3171 j
93 3107 190 3192 Regni
221 3115 333 3175 autem
364 3110 414 3175 sui
446 3127 532 3177 anno
564 3108 704 3192 septimo
736 3107 949 3192 subortarum,
983 3105 1160 3174 verbaliter
1189 3112 1221 3172 et

1 3257 2 3317 ἰ
93 3214 311 3284 confirmative
342 3219 376 3282 in
407 3237 444 3282 se
474 3216 651 3303 habebant,
684 3216 808 3303 priores
840 3235 958 3300 eorum,
992 3221 1023 3281 et
1054 3234 1091 3280 se
1122 3214 1223 3298 ipsos,

1 3318 2 3397 Ῑ
93 3323 186 3390 ueluti
202 3323 332 3392 nobiles
364 3323 564 3408 Jobagiones
597 3323 703 3390 Dentri
719 3329 751 3388 et
781 3323 948 3390 PrediaIes
979 3321 1156 3392 Comitatus
1183 3321 1224 3390 de

1 3451 2 3498 ς
94 3428 228 3518 Reyobe,
261 3455 283 3500 a
292 3432 456 3520 judicatu,
483 3432 619 3516 juditio,
659 3430 894 3515 jurisdieeione
925 3437 957 3499 et
973 3436 1133 3517 potestate
1164 3431 1221 3518 tilij

96 3533 233 3625 llenryei
248 3541 343 3625 Baui,
361 3540 497 3626 Nieolai,
518 3539 670 3607 videlieet
686 3537 847 3620 quondam
875 3537 1009 3605 Comitis
1026 3537 1066 3606 de
1096 3539 1225 3628 Reyehe

94 3645 271 3715 stallorum
304 3643 465 3713 Comitum
497 3667 557 3731 pro
590 3650 737 3731 tempore
769 3645 1025 3732 constitutorum,
1043 3667 1100 3731 per
1116 3647 1223 3732 ipsum

1 3816 2 3830 ἶ
93 3749 280 3823 Ladiziaum
298 3755 424 3839 Regem
440 3753 535 3820 morlo
558 3753 675 3820 litteris
691 3753 725 3817 in
751 3752 872 3820 eisdem
904 3760 1066 3840 contento,
1099 3773 1180 3840 pure
1196 3761 1228 3822 et

95 3860 293 3948 simplieiter‚
308 3861 350 3930 de
365 3863 479 3948 grauia
495 3880 556 3929 sua
567 3861 715 3947 speciali,
732 3865 898 3946 tamquam
916 3881 1010 3930 ueros
1022 3868 1054 3928 et
1063 3859 1228 3930 naturales

98 3969 272 4038 seruientes
312 3989 390 4038 suos
421 3971 565 4056 Regulos
598 3969 683 4035 vltra
714 3967 862 4035 Drauum
893 3969 1096 4056 constitutos,
1137 3967 1229 4036 iuxta

76 4085 80 4092 '‘
98 4073 277 4146 libertatem
293 4079 469 4146 eorundem
487 4076 653 4161 nobilium,
672 4083 840 4162 exemptos
853 4075 1020 4143 exstitisse
1031 4073 1229 4144 declarando

1 4225 2 4232 κ
101 4183 218 4254 litteras
239 4187 383 4273 Capituli
413 4189 559 4256 Euolesie
591 4186 798 4255 Chasmensis
832 4184 1070 4271 priuilegiales,
1101 4183 1231 4252 domine

99 4291 194 4361 llarie
224 4295 350 4379 Regine
391 4294 544 4362 relatoris
575 4291 751 4378 reseriptas
788 4297 904 4376 quarto
939 4290 993 4359 die
1025 4289 1107 4358 serio
1137 4295 1229 4358 sexto

100 4402 242 4484 proxime
256 4408 333 4472 ants
349 4402 465 4470 lustum
482 4403 657 4469 Beatorum
667 4401 810 4486 Philippi
828 4405 859 4465 et
868 4399 983 4468 Jauobi
995 4399 1223 4485 Apostolorum

100 4526 178 4574 anno
187 4507 317 4578 Domini
335 4509 504 4580 millesimo
521 4507 746 4576 trecentesimo
757 4505 970 4590 nonagesimo
986 4506 1230 4592 primoemana·

104 4616 160 4700 ias,
174 4618 332 4686 babentes
353 4619 386 4685 in
406 4639 443 4686 se
459 4624 604 4686 tenorem
618 4617 798 4684 litterarum
814 4613 959 4684 eiusdem
976 4612 1107 4681 domine
1123 4612 1225 4680 Maria

82 4721 209 4808 'Regius
244 4725 551 4796 adiudicatoriarum
582 4724 688 4793 eidem
707 4723 856 4810 Capitulo
872 4723 1081 4809 directurum,
1099 4741 1229 4808 presen-
