3194 5196
649 343 820 449 aa..

174 539 217 617 tls
232 543 438 636 Pressuoiarn
452 549 598 618 traxerat
613 542 647 612 in
663 563 796 616 eaumnr
813 546 874 616 stb.
891 539 923 633 (s
938 540 1101 630 tbbbsadri
1115 539 1301 633 perholasa·
1359 617 1371 634 ⁴.
1432 603 1433 606 a
1521 547 1594 646 :j

173 657 228 724 tt's
242 657 332 742 utin,
348 654 462 723 annalr
479 655 619 722 resatrbl
634 653 816 735 eldadatilr)
833 653 919 739 quod
934 654 1010 740 ipsa
1035 651 1177 742 domiue,
1203 660 1300 742 prout
1318 671 1330 726 f
1458 733 1461 740 ,
1522 659 1530 676 “
1559 637 1594 734 ἶς’

174 762 325 831 audisset
340 769 373 830 et
387 762 613 847 intellexisset,
628 761 774 849 hospites
790 761 831 828 de
846 762 978 847 Soynna
992 759 1170 848 supradicti
1181 761 1222 831 de
1232 747 1322 850 suis
1348 795 1351 802 ·
1539 821 1550 858 3

173 869 278 940 vineis
293 870 328 938 iu
343 870 504 940 territorio
521 870 739 959 possessionis
754 869 858 955 ipsius
876 868 1019 938 'domine
1043 867 1299 956 Kuaepnenitry
1320 943 1322 952 ,
1419 865 1423 868 ’
1499 877 1502 884 ’
1519 899 1520 906 ¹
1541 861 1546 890 ⁴
1560 857 1594 960 [fs]

171 985 364 1064 nnnenpate·
374 976 512 1063 situatis,
527 997 589 1064 qne
604 978 732 1064 quidem
749 977 913 1064 possessio
930 976 971 1043 de
981 995 1046 1044 aua
1055 976 1158 1062 ipsius
1168 975 1298 1046 domine
1329 1021 1339 1076 ‘.
1363 1015 1374 1030 ι
1442 963 1455 1048 j
1519 973 1596 1100 aid}

172 1085 236 1154 sibi
250 1085 366 1154 suisset
380 1085 544 1172 deuolute,
556 1086 614 1172 jus
629 1087 761 1156 raoioue
776 1086 945 1155 uinearum
962 1085 1179 1172 prediotarum
1191 1086 1297 1153 eidem
1328 1123 1329 1126 π

170 1191 304 1262 domina
318 1193 527 1283 proueuiens‚
541 1200 579 1263 vt
593 1195 793 1263 eonsuetudo
809 1193 940 1262 illarum
955 1193 1099 1279 peruium
1110 1190 1298 1278 haberetur,
1331 1183 1335 1196 ’

173 1303 205 1367 et
220 1301 305 1368 alias
322 1301 369 1369 ibi
384 1308 472 1369 asset
487 1307 675 1370 eonsuetum
692 1321 765 1369 eum
779 1300 866 1386 rino,
896 1305 930 1368 vt
945 1318 1045 1385 vsqoe
1072 1299 1167 1370 modo
1192 1301 1298 1373 eidem

172 1405 302 1476 domina
317 1409 562 1498 permisissent,
592 1409 671 1478 dare
685 1413 893 1493 reeusarent;
917 1406 1021 1475 uellet
1051 1407 1134 1479 seira
1164 1407 1298 1478 domina

172 1514 350 1595 antedicta,
367 1513 447 1600 quid
462 1515 658 1585 intensionis
674 1515 753 1584 dieti
769 1515 913 1600 hospites
930 1515 1096 1599 haberent,
1111 1515 1183 1584 etsi
1198 1535 1300 1602 super
1340 1527 1345 1546 '

171 1620 233 1688 boe
247 1622 371 1691 uellent
386 1625 548 1693 contraire
563 1625 628 1692 stb.
643 1620 715 1702 Quo'
730 1623 862 1693 audieto
877 1621 1035 1690 Nioolaus
1054 1623 1141 1690 tilius
1156 1624 1246 1690 Petri
1257 1624 1298 1694 de
1432 1663 1435 1676 ·

172 1727 286 1798 eadem
303 1731 413 1817 Seyna
427 1731 489 1801 stb.
505 1751 563 1817 pro
580 1729 702 1799 eisdem
718 1731 825 1799 villieo
842 1736 874 1798 st
889 1730 1071 1817 hospitibus
1087 1731 1247 1800 uniuersis
1263 1731 1297 1800 in

171 1837 367 1906 eontrarium
383 1836 611 1923 premissorum
626 1837 798 1924 respondit
812 1858 851 1906 eo
867 1837 974 1920 modo,
990 1838 1078 1924 quod
1093 1837 1170 1906 dieti
1186 1837 1297 1925 hospi·

170 1949 220 2011 tes
235 1940 277 2010 de
292 1943 403 2031 Soyna
418 1943 510 2012 iuxta
525 1943 755 2012 litteratoriam
771 1946 914 2030 ipsorum
931 1943 1113 2014 libertatem
1129 1943 1170 2013 de
1180 1945 1311 2032 prena?

170 2051 249 2120 tatis
266 2048 369 2120 vineis
385 2052 528 2137 ipsorum
544 2051 579 2117 in
595 2051 755 2120 territorio
785 2050 1002 2136 possessionis
1032 2049 1137 2137 ipsius
1167 2050 1297 2124 domine

170 2159 304 2250 Nemity
327 2168 443 2229 voeate
473 2159 593 2230 habitis
624 2167 657 2227 et
687 2159 866 2246 habendis;
891 2158 1046 2227 videlieet
1076 2161 1116 2228 de
1147 2162 1296 2246 qnalibet

171 2267 268 2337 vinea
283 2268 416 2336 nonnisi
432 2267 574 2336 medium
590 2266 759 2352 fertonem,
792 2266 874 2334 duas
888 2272 991 2334 tortas
1008 2274 1040 2335 et
1056 2287 1155 2334 vnum
1171 2270 1295 2355 pullum
1328 2269 1331 2274 “

170 2375 251 2443 dare
265 2380 298 2442 et
313 2375 500 2463 persoluere
515 2382 721 2460 tenerentur;
747 2374 805 2444 ssd
820 2374 895 2463 ipsa
912 2374 1043 2442 domina
1059 2379 1171 2445 eontra
1186 2376 1295 2447 huius·

1 2483 45 2519 ⁸
171 2483 258 2550 modi
272 2482 421 2568 ipsorum
436 2483 617 2552 libertatem
633 2483 797 2566 aliquibus
820 2483 918 2550 anuis
942 2485 1120 2551 trausaotis
1151 2484 1296 2552 debitum
1427 2527 1428 2530 =

170 2591 315 2676 ipsarum
330 2590 498 2660 vinearum
513 2611 587 2662 oum
601 2591 678 2659 vino
696 2592 887 2660 extorsisset
901 2590 935 2659 in
951 2591 1074 2676 mande
1098 2593 1178 2660 iuris
1209 2594 1295 2679 ipso·

169 2718 241 2767 rum
258 2687 466 2783 derogsmen.
490 2699 533 2765 Et
547 2695 666 2766 ibidem
684 2699 808 2767 litteras
835 2697 1021 2768 donueutus
1046 2698 1088 2766 de
1118 2701 1230 2768 Jaaow
1260 2699 1294 2766 in

168 2805 343 2888 quindenis
359 2805 433 2874 festi
448 2803 706 2892 Epiphaniarum
722 2805 857 2873 Domini
881 2824 969 2873 auno
1000 2805 1145 2874 eiusdem
1175 2805 1296 2874 1111110θ

97 2991 105 2998 ,
167 2913 381 2998 nonagesimo
395 2933 481 2982 nono
494 2919 641 2999 petentur
657 2910 820 2980 oonleotas
835 2916 1063 2999 presentasset,
1094 2913 1128 2979 in
1158 2933 1295 2997 quarum

171 3022 256 3090 serie
269 3023 333 3090 stb.
349 3021 508 3108 Magister
523 3020 665 3088 lliehael
680 3021 802 3089 nobilis
817 3019 860 3089 de
874 3017 1004 3105 Nemity
1034 3022 1077 3088 ab
1109 3041 1184 3101 vna,
1216 3020 1294 3089 item

168 3129 257 3197 oiues
272 3149 329 3197 seu
345 3128 489 3217 hospites
503 3129 546 3196 de
560 3130 671 3216 Seyna
684 3136 777 3216 parte
793 3130 836 3196 ab
851 3125 958 3196 altera
971 3149 1080 3196 eoram
1106 3129 1177 3214 ipso
1209 3126 1292 3196 Gon-

168 3243 269 3304 uentu
285 3237 460 3321 constituti,
475 3257 535 3323 per
549 3234 687 3303 eundem
703 3235 895 3321 Magistrum
925 3234 1118 3303 bliehaelem
1148 3235 1295 3323 proposi-

168 3347 235 3410 tum
252 3343 430 3430 extetisset,
462 3342 548 3429 quod
564 3344 636 3429 ipse
651 3343 773 3410 dietam
789 3343 1025 3429 possessiouem
1040 3363 1133 3410 suam
1149 3343 1293 3412 utilitati·

166 3451 229 3519 hus
244 3453 359 3520 uolens
374 3451 546 3539 adornare,
561 3451 685 3518 eisdem
701 3449 883 3536 hospitibus
899 3449 940 3516 de
955 3449 1065 3536 Seyna
1081 3456 1114 3516 et
1138 3451 1293 3535 quibusli-

166 3555 224 3624 bet
238 3557 317 3644 alijs
333 3558 518 3627 homiuibus
542 3557 656 3626 vineas
681 3558 715 3624 in
746 3557 910 3626 montibus
939 3555 1157 3643 possessionis
1190 3559 1293 3645 ipsius

36 3683 39 3688 ’
165 3663 299 3751 Nemity
313 3665 466 3752 plantare
492 3671 525 3733 et
550 3684 726 3753 preparare
756 3665 951 3751 volentibus,
981 3663 1118 3731 liberam
1148 3664 1293 3736 dedisset

163 3769 364 3859 laenitatem,
380 3779 414 3840 et
428 3773 555 3839 reditus
571 3789 629 3839 seu
646 3771 788 3840 decimas
805 3773 949 3858 ipsarum
974 3770 1143 3838 vinearum
1169 3791 1209 3838 ex
1240 3774 1292 3840 sui

164 3883 197 3946 et
212 3898 342 3947 suorum
369 3897 591 3948 suceessorum
621 3887 713 3965 parts
744 3880 824 3966 ipsis
855 3885 1012 3966 perpetuo
1042 3879 1223 3946 relaxasset
1253 3899 1291 3949 eo

164 3986 270 4073 modo,
285 3987 371 4074 quod
386 3987 463 4054 dieti
480 3987 625 4073 hospites
641 3994 674 4054 et
689 3987 794 4072 quiuis
810 3988 868 4073 alij
887 3987 1031 4056 homiues
1046 3986 1161 4055 vineas
1177 3985 1211 4052 in
1228 3992 1291 4052 ter·

66 4159 69 4166 ,
152 4092 278 4168 ,ritorio
293 4093 398 4180 ipsius
415 4093 632 4182 possessionis
658 4094 791 4182 Nemity
822 4101 1037 4182 preparantes
1069 4101 1102 4160 et
1132 4092 1290 4162 hahentes

162 4200 249 4268 omni
264 4219 350 4268 suno
366 4207 443 4268 ante
458 4200 653 4268 vindemiam
670 4201 711 4269 de
728 4202 866 4287 singulis
882 4201 951 4269 suis
980 4201 1086 4268 vineis
1111 4200 1290 4286 prenotatis

161 4305 302 4376 medium
316 4307 484 4393 fertonem,
515 4305 598 4375 duas
614 4315 719 4376 tortas
735 4313 768 4376 et
783 4329 881 4376 rnunr
897 4307 1024 4394 pullum
1040 4306 1119 4375 dare
1144 4314 1290 4378 teneren-

160 4419 231 4502 tur3
253 4434 351 4500 ¹sperem
367 4434 499 4484 sensum
516 4415 594 4484 disti
609 4414 756 4502 hospites
772 4415 949 4484 ministerio
964 4416 1040 4484 siue
1063 4417 1153 4485 uoeis
1176 4418 1288 4502 singu·¹

161 4521 207 4589 lis
221 4523 319 4590 annis
335 4522 440 4592 eidem
456 4523 614 4608 Magistro
630 4523 783 4590 hliehaeli
800 4522 879 4590 dare
894 4528 927 4590 et
942 4522 1068 4590 soluere
1098 4525 1289 4611 assumpsis-

159 4635 244 4700 sent.
268 4627 458 4719 obligantes
473 4651 509 4703 se
526 4637 559 4700 et
574 4651 650 4702 suos
665 4650 870 4702 suoesssores
886 4629 981 4700 ambe
995 4635 1117 4720 partes,
1140 4631 1227 4719 qued
1251 4632 1282 4702 si
