3190 5190
595 296 756 396 *25-

2 513 3 518 *
112 492 300 577 Chepannm
315 511 452 560 rnatum
485 488 560 576 alijs
591 488 714 558 nostris
746 488 896 557 fidelibus
927 491 971 557 ad
1002 490 1247 577 profligendam·

111 599 295 669 huiusmodi
326 607 469 667 nostram
502 603 535 667 et
550 599 717 666 hominum
749 604 932 690 nostrorum
958 598 1110 666 iniuriam
1128 607 1253 667 contra-

112 708 242 774 Stiriam
258 707 474 795 misissemus,
489 706 560 792 ipse
586 705 761 790 (thepanus
794 705 853 772 snb
885 713 993 775 castro
1026 705 1165 773 Frustim
1182 729 1252 793 per·

2 825 3 830 ’
113 815 272 898 quendam
296 816 403 881 lotum
421 813 577 881 munitum
594 810 682 896 prior
698 817 775 879 ante
791 811 876 878 alios
893 812 928 879 in
943 811 1117 880 aduersam
1133 815 1237 882 aciem

2 945 3 948 ¹
111 921 284 1006 ingressus,
318 921 486 1003 quendam
518 917 769 986 ministerialem
811 919 911 987 Stirie
953 927 1069 985 lancea
1108 921 1243 1005 propria

111 1027 245 1094 uiriliter
275 1027 395 1096 deiecit
410 1033 443 1095 et
463 1027 591 1108 occidit,
623 1032 721 1114 prout
751 1024 814 1092 hot
831 1044 890 1111 per
920 1024 1066 1112 prelatos
1096 1026 1251 1094 Baroues-

2 1189 6 1196 .
112 1139 238 1201 nostros
253 1133 335 1220 ipsis
350 1135 392 1199 ab
408 1132 598 1201 hostilitatis
630 1132 875 1219 inpugnacione
906 1132 1117 1202 redeuntibus
1147 1133 1253 1200 nobis

2 1307 3 1322 ξ
113 1241 220 1307 extitit
250 1241 428 1308 recitatum.
460 1242 553 1307 Licet
584 1239 695 1321 itaque
729 1239 801 1324 ipse
832 1237 1006 1325 (lbepanus
1037 1247 1169 1326 propter
1196 1245 1241 1306 tot

2 1430 3 1448 ἵ
111 1354 281 1432 tantosque
298 1347 466 1414 fidelitatis
483 1367 542 1414 sue
558 1352 652 1412 attus
668 1351 819 1412 strenuos
835 1364 856 1410 a
871 1346 1121 1430 Magnificentia
1137 1347 1241 1430 Regia

2 1453 3 1534 J
111 1475 258 1541 supmmo
290 1451 381 1542 (igy)
414 1452 531 1521 fnisset
560 1453 681 1520 honore
713 1450 946 1538 sublimandus,
980 1459 1038 1520 aut
1055 1453 1179 1536 ingenti
1194 1473 1244 1519 re-

2 1644 4 1653 ,
111 1563 341 1629 muneratione
363 1560 604 1644 confonendus;
629 1578 689 1627 nos
706 1566 815 1626 tamen
833 1561 866 1626 in
888 1559 1064 1642 aliqualem
1097 1560 1243 1627 satisfac·

109 1669 235 1736 tionem
266 1667 570 1736 commendabilium
603 1666 830 1750 obsequiorum
860 1686 989 1733 snorum
1024 1673 1056 1731 ot
1073 1667 1240 1734 effusionis

115 1775 287 1859 sanguinis
304 1776 365 1860 sni,
398 1795 469 1842 cnm
501 1773 583 1842 satis
614 1774 776 1859 ampliora
807 1782 992 1858 moreretur,
1009 1773 1049 1840 de
1081 1775 1244 1841 Beronum·

111 1892 296 1951 nostrornm
327 1883 475 1969 consilio,
506 1883 720 1950 connibentia
736 1891 768 1948 et
784 1901 946 1950 consensu
966 1879 1113 1949 dedimus
1130 1881 1242 1949 sibiet

112 1989 314 2071 contulimus,
328 2011 403 2074 ymo
419 1990 619 2057 restituimus
639 1997 792 2073 tanquam
807 1989 864 2072 jus
881 2009 975 2058 suum
1001 1988 1242 2075 hereditarium,

2 2099 3 2175 J
111 2096 231 2164 Villam
246 2097 360 2165 Sancti
374 2098 519 2165 blitaelis
529 2099 564 2163 in
581 2097 655 2164 tinio
672 2094 759 2183 (igy)
770 2095 879 2164 Castri
895 2095 1006 2164 Ferrei
1023 2097 1247 2183 constitutam,¹

2 2210 4 2274 l
112 2225 187 2272 cum
215 2204 358 2289 quadam
388 2224 492 2291 parua
523 2203 606 2270 villa
637 2202 680 2271 ed
710 2203 800 2271 illam
830 2205 1023 2290 pertinente,
1040 2201 1081 2270 ab
1112 2203 1248 2290 antiquo

110 2311 234 2380 Inteed
266 2316 393 2397 rotata,
409 2317 442 2379 et
456 2311 605 2380 omnibus
621 2305 829 2398 utilitatibus,
845 2309 1059 2398 pertinenoiJs
1075 2315 1108 2376 et
1123 2330 1244 2396 eppen-

110 2419 210 2504 dicijs
226 2419 305 2504 suis,
322 2426 430 2486 taetro
447 2417 583 2505 scilicet,
601 2418 708 2507 terris,
739 2417 962 2506 prodentibus,
995 2416 1112 2505 vineis,
1141 2419 1254 2505 siluis,
1369 2475 1372 2486 .

109 2526 280 2610 fenilibus,
314 2527 422 2614 aquis,
448 2535 481 2594 et
496 2525 588 2630 aliJs,
616 2543 698 2611 quas
730 2527 845 2593 habuit
876 2527 927 2592 vel
959 2525 1058 2593 babet
1088 2525 1247 2594 uniuersis

109 2633 374 2702 inenodabiliter
388 2640 546 2722 perpetuo
563 2633 701 2718 patiiioe
718 2633 962 2719 possidendam,
977 2635 1147 2718 presertim
1173 2655 1246 2702 tum

111 2741 300 2810 eonstiterit
330 2741 423 2808 nobis
454 2762 513 2828 per
543 2741 701 2827 Preietos,
733 2742 875 2810 Berones
907 2748 940 2807 et
971 2739 1092 2808 multos
1116 2741 1243 2809 nobiles

111 2848 221 2932 Regni
237 2847 350 2934 nostri,
367 2853 572 2933 prenotatam
592 2847 830 2933 possessionem
846 2847 948 2917 foisse
979 2846 1244 2932 predecessorum

112 2954 194 3022 dicti
227 2954 374 3039 Chepani
399 2952 641 3042 hereditariam,
657 2960 691 3024 et
705 2955 748 3024 ab
766 2955 813 3023 eis
830 2974 903 3024 osse
918 2960 1085 3043 receptam
1100 2960 1255 3040 tempore·

111 3060 256 3148 predicti
270 3059 350 3127 Bele
365 3061 464 3147 Regis
481 3060 536 3128 ani
551 3062 653 3129 nostri
669 3061 710 3131 de
724 3062 823 3150 facto,
846 3083 915 3132 non
934 3061 975 3130 de
999 3061 1089 3149 iure;
1113 3067 1247 3148 propter

111 3168 202 3254 qnod
234 3188 300 3234 nou
330 3166 588 3252 suffragantibus
613 3169 666 3235 uel
684 3168 932 3254 precedentibus
950 3167 1020 3237 eins
1035 3170 1169 3258 meritis,
1187 3171 1246 3237 sed

111 3277 185 3344 sola
205 3274 286 3340 iuris
308 3273 451 3359 equitate
476 3273 538 3341 sibi
570 3273 775 3342 restituenda
805 3275 910 3343 fuerat
926 3282 960 3343 et
991 3274 1169 3344 reddenda.
1187 3279 1247 3346 Vo-

111 3385 222 3450 lenies
238 3379 412 3468 siqnidem,
430 3387 464 3448 et
478 3382 584 3468 Regia
599 3381 792 3450 auctoritate
806 3383 1041 3452 innutabiliter
1057 3390 1255 3476 statuentes,¹

112 3496 234 3557 uttam
252 3491 323 3575 ipse
349 3487 536 3574 Ohepanns,
568 3509 664 3574 qnam
697 3489 768 3558 eins
798 3507 1002 3559 successores
1034 3503 1245 3563 memoratam

114 3595 359 3684 possessionem
376 3597 529 3664 miamin
545 3598 642 3664 metis
658 3597 802 3681 antiquis
828 3605 860 3665 ot
891 3599 1008 3683 primis
1040 3600 1251 3670 terminorum

2 3757 3 3778 ,
113 3703 390 3774 distinctionibus
431 3712 585 3792 tanquam
621 3727 714 3776 suam
746 3707 979 3775 hereditariam
1010 3713 1042 3774 et
1088 3707 1248 3778 effusione

112 3813 214 3878 multi
252 3811 424 3897 sanguinis
463 3833 503 3880 st
534 3814 786 3882 commendabili
817 3814 936 3882 vincte
969 3814 1075 3882 denno
1107 3817 1247 3902 atquisi-

2 3913 3 3926 ’
113 3927 186 3984 tam
227 3917 486 3987 irreserabiliter
522 3929 677 4008 perpetuo
718 3921 886 4007 possidere
926 3922 1059 3989 ualeant
1105 3921 1148 3990 ad
1194 3925 1249 3992 ha·

111 4028 204 4094 bera
243 4024 286 4090 Vt
302 4026 400 4109 igitur
416 4025 599 4097 huiusmodi
615 4035 723 4097 nostre
747 4028 938 4098 collationis
955 4049 1013 4098 seu
1030 4029 1248 4100 restitutionis

112 4135 224 4202 series
249 4133 345 4201 robur
370 4142 528 4222 perpetue
558 4137 718 4205 firmitatis
744 4137 899 4226 optineat,
923 4143 1093 4223 presentes
1120 4157 1257 4208 tontes·

112 4241 221 4308 simus
245 4240 373 4308 litteras
398 4240 560 4332 dupplicis
589 4245 691 4331 sigilli
722 4246 826 4315 nostri
858 4245 1035 4313 munimine
1067 4247 1248 4315 roboratas.

109 4348 238 4415 Datum
254 4368 315 4432 per
339 4368 455 4418 manos
486 4353 659 4420 Benedicti
689 4352 877 4422 Orodiensis
908 4352 1056 4421 Ecclesia
1086 4351 1250 4438 Propositi

108 4455 203 4522 Aule
221 4458 333 4521 nostre
349 4455 624 4545 ViceOaneelbrij
643 4459 753 4528 dilecti
768 4467 801 4528 et
816 4459 922 4529 fidelis
938 4461 1041 4530 nostri
1067 4480 1153 4527 anno
1183 4460 1250 4526 Do-

109 4560 196 4628 mini
213 4559 386 4631 millesimo
405 4563 585 4632 CG⁰LXX⁰
600 4567 712 4653 tercio,
742 4567 883 4636 seeundo
909 4588 1012 4639 nonas
1037 4569 1115 4653 Julij
1148 4565 1257 4635 indic-
