3194 5196
871 1125 948 1198 515.

346 1323 378 1392 A
411 1328 595 1394 hreszoeesk
631 1323 896 1416 srdkosfelodrodre‘
932 1321 1159 1411 konomtjduols
1187 1317 1475 1410 dieenysciqleoste‚

346 1433 429 1524 hoqy
443 1434 588 1524 Glyauus
603 1457 702 1503 eomes
708 1436 880 1524 fehlt-oded
887 1435 1011 1524 polodi*
1026 1429 1214 1520 Lymodus
1229 1427 1299 1498 leot
1320 1426 1472 1517 fdldokot

311 1566 312 1575 ¹
496 1541 731 1632 dzdloyositett
751 1542 853 1632 quls'
868 1543 994 1611 Ioonleo
1010 1539 1180 1609 eommndt.
1202 1537 1301 1606 1299.

452 1738 521 1808 Nes
551 1737 735 1810 Gennentus
766 1739 892 1807 Demus
921 1734 1106 1824 Hospitalis
1118 1734 1161 1804 de
1179 1733 1266 1802 Aius
1280 1731 1399 1802 demus
1412 1753 1475 1820 pre

346 1841 511 1935 memoria,
527 1843 616 1930 quod
631 1845 746 1914 Comes
765 1845 914 1936 (llyenus
937 1843 1020 1913 einis
1050 1840 1204 1912 Albennis
1234 1861 1345 1910 eorum
1376 1839 1476 1908 nobis

344 1953 561 2038 personaliter
591 1952 765 2022 contitutus
804 1951 968 2038 quendem
1008 1948 1127 2020 suren
1167 1967 1259 2018 suem
1289 1947 1326 2014 in
1354 1945 1477 2034 Lyuliu

345 2058 538 2128 existentem
553 2080 576 2127 e
590 2059 755 2146 Stephane
785 2059 855 2128 lilio
885 2057 1045 2144 Dednlus,
1075 2056 1196 2145 preeie,
1212 2061 1250 2122 ut
1275 2053 1375 2142 dixit,
1405 2053 1474 2123 sibi

345 2171 572 2257 eomparutem,
601 2167 698 2237 simul
726 2187 798 2236 eum
828 2174 918 2236 terre
947 2185 1008 2235 sex
1038 2165 1185 2251 iugerum
1216 2155 1308 2234 iuris
1332 2161 1474 2231 eundem

345 2273 462 2341 siluam
477 2295 497 2342 u
513 2283 607 2362 purte
622 2273 772 2344 orientali
788 2282 820 2344 et
837 2271 1045 2342 meridionali
1060 2270 1233 2357 ediuoonti,
1249 2276 1283 2340 et
1311 2275 1472 2354 quatuor·

346 2379 450 2448 deeim
480 2379 596 2464 ingere
625 2386 710 2451 terre
740 2387 853 2448 uentre
867 2381 1017 2448 intuitum
1043 2378 1158 2449 domus
1173 2398 1241 2459 suo,
1254 2396 1354 2461 quum
1369 2377 1475 2445 habet

346 2487 380 2554 iu
404 2487 568 2574 Lyuliun
597 2495 692 2574 parte
724 2487 928 2556 meridionali
967 2485 1190 2574 edieeeneiu;
1221 2485 1299 2553 item
1331 2489 1476 2570 quatuor

346 2595 459 2678 ingere
474 2599 579 2660 terreo
593 2596 687 2662 iuxta
700 2599 827 2680 pratum
859 2613 1026 2681 magnum,
1042 2591 1155 2662 etuliu
1186 2597 1326 2678 quatuor
1355 2591 1476 2676 ingere

344 2699 477 2768 tlsulru*
493 2699 535 2769 de
549 2699 678 2788 Lyulis,
693 2710 731 2770 ut
746 2702 839 2790 dixit,
854 2705 1053 2790 comparatu
1084 2699 1170 2769 infru
1199 2698 1332 2768 vinem
1361 2697 1477 2765 Domi·

345 2807 410 2877 nini
427 2807 485 2896 diij
502 2809 656 2880 Kelemen
673 2809 765 2878 iurtu
782 2810 868 2879 niem
887 2809 1085 2895 existendiu3
1109 2808 1255 2876 sonetum
1271 2807 1316 2876 sd
1331 2813 1476 2893 quatuor
1587 2799 1592 2806 ’

346 2915 504 2985 teleusin
533 2915 698 2987 sufficiens
714 2937 735 2985 e
749 2919 849 2987 Petro
877 2918 946 2986 lilio
984 2913 1124 2995 Andros,
1140 2922 1175 2984 et
1204 2913 1297 2983 uliud
1327 2913 1475 2983 sonetum

346 3021 480 3091 Lukuuh
509 3031 657 3094 uocatum
688 3025 838 3094 similiter
866 3025 911 3093 ud
942 3031 1079 3112 quatuor
1108 3023 1267 3093 isloestru
1295 3042 1318 3090 u
1343 3021 1472 3090 Gemite

347 3129 460 3199 Heneh
475 3130 638 3217 quendem
652 3130 723 3200 oiue
737 3131 874 3202 Albensi
889 3133 1012 3221 preeie,
1038 3132 1122 3202 siout
1153 3129 1274 3218 retulit,
1304 3147 1475 3217 eomputa-

347 3243 433 3324 tnm3
458 3257 498 3308 ne
506 3239 683 3309 sessionem
695 3259 787 3308 suum
802 3261 876 3308 eum
891 3239 1039 3308 domibus
1053 3238 1088 3306 in
1103 3239 1218 3308 omem
1233 3235 1474 3323 existentibus;

345 3361 405 3410 neo
441 3364 507 3413 non
538 3352 570 3414 et
599 3343 764 3432 quendum
794 3345 924 3416 vinem
953 3366 1046 3418 susm
1076 3347 1272 3432 Negueulew
1302 3350 1470 3430 reustum,

345 3449 511 3520 confessus
549 3459 599 3522 est
636 3452 754 3522 comiti
801 3451 925 3521 Iuenoe
960 3453 1003 3522 de
1040 3451 1127 3538 vgsl
1165 3473 1187 3522 u
1231 3453 1316 3522 feste
1356 3451 1473 3520 Sunoti
1582 3442 1588 3459 '

345 3556 479 3645 Georgij
510 3577 595 3626 nune
631 3567 707 3647 pest
744 3559 823 3629 dete
861 3561 1065 3645 presenoinm
1104 3558 1251 3646 proximu
1286 3565 1472 3648 venturum,

348 3685 449 3750 usque
489 3662 533 3732 ed
574 3667 815 3736 reuolneionem
846 3665 993 3736 eiusdem
1021 3667 1096 3736 festi
1138 3687 1196 3754 pre
1227 3665 1474 3753 quatuordeeim

346 3772 464 3840 mareis
493 3773 611 3856 purtim
642 3773 677 3842 in
707 3773 862 3864 denoriJs,
893 3777 1014 3863 purtim
1029 3773 1063 3841 in
1079 3773 1245 3860 eondiguu
1259 3772 1472 3843 estimueioue

347 3876 517 3945 abeodem
548 3879 686 3966 receptis
717 3882 855 3969 pignore
884 3881 1051 3968 obligasse
1079 3888 1176 3968 puoto
1206 3879 1269 3949 tali
1299 3882 1373 3949 siue
1390 3901 1476 3968 penu

345 3984 537 4072 interpositu
552 4011 561 4052 r
578 3987 666 4071 qued
693 3987 723 4057 si
754 3987 790 4056 in
819 3988 968 4076 predicte
1009 3988 1213 4058 reuolueione
1253 3984 1332 4055 lenti
1361 3987 1474 4056 Senoti

347 4089 478 4182 Georgij
511 4093 582 4180 ipse
612 4094 728 4164 Oeneos
761 4095 908 4183 Glyenus
939 4093 1097 4165 redimere
1112 4115 1178 4163 nou
1194 4099 1325 4163 enrsret
1340 4095 1397 4162 uel
1412 4115 1475 4162 nou

345 4205 454 4283 posset
470 4199 564 4268 modo
579 4202 771 4289 prehabit03
796 4201 929 4289 duplum
945 4205 1089 4290 ipsarum
1115 4198 1361 4288 qusuerdeeim
1392 4223 1475 4271 mur·

345 4325 458 4373 eurum
488 4306 667 4378 ineurreret
697 4309 908 4379 eosdemse
933 4311 1168 4381 nichilominus.
1178 4307 1376 4397 obligando,
1392 4311 1476 4398 quod

347 4410 453 4482 medie
469 4420 622 4505 tempore,
652 4416 807 4502 quamdiu
837 4418 997 4487 redimere
1027 4427 1147 4507 posset,
1179 4419 1287 4506 ipsum
1320 4420 1475 4489 Comitem

348 4519 488 4588 Iwenlru
517 4541 615 4608 super
645 4525 814 4609 premissis
829 4527 896 4596 suis
920 4525 1253 4614 impignorationibus
1268 4530 1312 4597 sl)
1330 4529 1476 4600 omnibus

349 4623 585 4709 impetitoribus
601 4629 755 4719 expedire
772 4638 805 4704 et
818 4636 902 4706 tueri
920 4636 1065 4724 propriis
1083 4641 1247 4706 teneretur
1261 4638 1477 4710 interiisset
