<?xml version="1.0" encoding="UTF-8"?>
<!DOCTYPE html PUBLIC "-//W3C//DTD XHTML 1.0 Transitional//EN"
    "http://www.w3.org/TR/xhtml1/DTD/xhtml1-transitional.dtd">
<html xmlns="http://www.w3.org/1999/xhtml" xml:lang="en" lang="en">
 <head>
  <title>
</title>
<meta http-equiv="Content-Type" content="text/html;charset=utf-8" />
  <meta name='ocr-system' content='tesseract 3.04.00' />
  <meta name='ocr-capabilities' content='ocr_page ocr_carea ocr_par ocr_line ocrx_word'/>
</head>
<body>
  <div class='ocr_page' id='page_1' title='image "./codexdiplomatic00wenzgoog_0480.png"; bbox 0 0 3142 5198; ppageno 0'>
   <div class='ocr_carea' id='block_1_1' title="bbox 883 371 1043 472">
    <p class='ocr_par' dir='ltr' id='par_1_1' title="bbox 883 371 1043 472">
     <span class='ocr_line' id='line_1_1' title="bbox 883 371 1043 472; baseline 0 -34"><span class='ocrx_word' id='word_1_1' title='bbox 883 371 1043 472; x_wconf 51' lang='grc' dir='ltr'><strong>-ιρςι-</strong></span> 
     </span>
    </p>
   </div>
   <div class='ocr_carea' id='block_1_2' title="bbox 396 563 1550 4766">
    <p class='ocr_par' dir='ltr' id='par_1_2' title="bbox 396 563 1550 4766">
     <span class='ocr_line' id='line_1_2' title="bbox 398 563 1504 652; baseline -0.004 -18"><span class='ocrx_word' id='word_1_2' title='bbox 398 567 537 637; x_wconf 86' lang='lat' dir='ltr'><strong>deudeth</strong></span> <span class='ocrx_word' id='word_1_3' title='bbox 552 588 625 636; x_wconf 91' lang='lat' dir='ltr'><strong>cnm</strong></span> <span class='ocrx_word' id='word_1_4' title='bbox 641 573 728 635; x_wconf 89' lang='lat' dir='ltr'><strong>terra</strong></span> <span class='ocrx_word' id='word_1_5' title='bbox 744 565 860 634; x_wconf 88' lang='lat' dir='ltr'><strong>arabili</strong></span> <span class='ocrx_word' id='word_1_6' title='bbox 875 572 907 634; x_wconf 91' lang='lat' dir='ltr'><strong>et</strong></span> <span class='ocrx_word' id='word_1_7' title='bbox 924 566 1066 652; x_wconf 87' lang='lat' dir='ltr'><strong>syluosa,</strong></span> <span class='ocrx_word' id='word_1_8' title='bbox 1097 565 1132 631; x_wconf 88' lang='lat' dir='ltr'><strong>iu</strong></span> <span class='ocrx_word' id='word_1_9' title='bbox 1157 564 1321 632; x_wconf 80' lang='lat' dir='ltr'><strong>comitatu</strong></span> <span class='ocrx_word' id='word_1_10' title='bbox 1353 563 1394 632; x_wconf 90' lang='lat' dir='ltr'><strong>de</strong></span> <span class='ocrx_word' id='word_1_11' title='bbox 1422 566 1504 631; x_wconf 80' lang='lat' dir='ltr'><strong>Surus</strong></span> 
     </span>
     <span class='ocr_line' id='line_1_3' title="bbox 397 671 1504 762; baseline -0.006 -17"><span class='ocrx_word' id='word_1_12' title='bbox 397 676 585 762; x_wconf 76' lang='lat' dir='ltr'>existentes,</span> <span class='ocrx_word' id='word_1_13' title='bbox 616 675 677 744; x_wconf 90' lang='lat' dir='ltr'><strong>sub</strong></span> <span class='ocrx_word' id='word_1_14' title='bbox 693 675 787 742; x_wconf 88' lang='lat' dir='ltr'><strong>metis</strong></span> <span class='ocrx_word' id='word_1_15' title='bbox 802 673 945 759; x_wconf 85' lang='lat' dir='ltr'><strong>antiquis</strong></span> <span class='ocrx_word' id='word_1_16' title='bbox 961 681 992 740; x_wconf 90' lang='lat' dir='ltr'><strong>et</strong></span> <span class='ocrx_word' id='word_1_17' title='bbox 1008 672 1169 760; x_wconf 83' lang='lat' dir='ltr'>prioribus</span> <span class='ocrx_word' id='word_1_18' title='bbox 1194 671 1440 740; x_wconf 91' lang='lat' dir='ltr'><strong>distincionibus</strong></span> <span class='ocrx_word' id='word_1_19' title='bbox 1454 680 1504 738; x_wconf 87' lang='lat' dir='ltr'><strong>ter·</strong></span> 
     </span>
     <span class='ocr_line' id='line_1_4' title="bbox 398 782 1506 871; baseline -0.005 -19"><span class='ocrx_word' id='word_1_20' title='bbox 398 787 557 855; x_wconf 88' lang='lat' dir='ltr'><strong>minorum</strong></span> <span class='ocrx_word' id='word_1_21' title='bbox 572 784 731 871; x_wconf 88' lang='lat' dir='ltr'><strong>dedimus,</strong></span> <span class='ocrx_word' id='word_1_22' title='bbox 763 784 958 852; x_wconf 85' lang='lat' dir='ltr'><strong>donauimus</strong></span> <span class='ocrx_word' id='word_1_23' title='bbox 974 789 1008 850; x_wconf 91' lang='lat' dir='ltr'><strong>et</strong></span> <span class='ocrx_word' id='word_1_24' title='bbox 1023 783 1217 850; x_wconf 87' lang='lat' dir='ltr'><strong>contulimus</strong></span> <span class='ocrx_word' id='word_1_25' title='bbox 1233 782 1305 850; x_wconf 89' lang='lat' dir='ltr'><strong>iure</strong></span> <span class='ocrx_word' id='word_1_26' title='bbox 1321 785 1506 868; x_wconf 82' lang='lat' dir='ltr'><strong>perpetuast</strong></span> 
     </span>
     <span class='ocr_line' id='line_1_5' title="bbox 397 886 1506 978; baseline -0.004 -20"><span class='ocrx_word' id='word_1_27' title='bbox 397 893 658 962; x_wconf 89' lang='lat' dir='ltr'><strong>irreuoeabiliter</strong></span> <span class='ocrx_word' id='word_1_28' title='bbox 673 889 900 978; x_wconf 86' lang='lat' dir='ltr'><strong>possidendas,</strong></span> <span class='ocrx_word' id='word_1_29' title='bbox 913 888 1071 960; x_wconf 84' lang='lat' dir='ltr'><strong>tenendas</strong></span> <span class='ocrx_word' id='word_1_30' title='bbox 1088 895 1120 957; x_wconf 92' lang='lat' dir='ltr'><strong>et</strong></span> <span class='ocrx_word' id='word_1_31' title='bbox 1137 887 1316 957; x_wconf 86' lang='lat' dir='ltr'><strong>habendas.</strong></span> <span class='ocrx_word' id='word_1_32' title='bbox 1336 889 1404 955; x_wconf 87' lang='lat' dir='ltr'><strong>Hoc</strong></span> <span class='ocrx_word' id='word_1_33' title='bbox 1418 886 1506 956; x_wconf 82' lang='lat' dir='ltr'><strong>eciam</strong></span> 
     </span>
     <span class='ocr_line' id='line_1_6' title="bbox 399 995 1506 1088; baseline -0.007 -20"><span class='ocrx_word' id='word_1_34' title='bbox 399 1019 563 1088; x_wconf 84' lang='lat' dir='ltr'><strong>expresso,</strong></span> <span class='ocrx_word' id='word_1_35' title='bbox 581 997 668 1084; x_wconf 88' lang='lat' dir='ltr'><strong>quod</strong></span> <span class='ocrx_word' id='word_1_36' title='bbox 683 997 804 1066; x_wconf 79' lang='lat' dir='ltr'><strong>fratres</strong></span> <span class='ocrx_word' id='word_1_37' title='bbox 829 998 978 1084; x_wconf 74' lang='lat' dir='ltr'><strong>Magistri</strong></span> <span class='ocrx_word' id='word_1_38' title='bbox 1008 995 1048 1063; x_wconf 79' lang='lat' dir='ltr'><strong>G.</strong></span> <span class='ocrx_word' id='word_1_39' title='bbox 1079 1017 1188 1066; x_wconf 90' lang='lat' dir='ltr'><strong>coram</strong></span> <span class='ocrx_word' id='word_1_40' title='bbox 1219 995 1314 1064; x_wconf 89' lang='lat' dir='ltr'><strong>uobis</strong></span> <span class='ocrx_word' id='word_1_41' title='bbox 1348 995 1506 1080; x_wconf 86' lang='lat' dir='ltr'><strong>constituti,</strong></span> 
     </span>
     <span class='ocr_line' id='line_1_7' title="bbox 397 1104 1507 1195; baseline -0.008 -17"><span class='ocrx_word' id='word_1_42' title='bbox 397 1109 550 1178; x_wconf 81' lang='lat' dir='ltr'><strong>videlieet</strong></span> <span class='ocrx_word' id='word_1_43' title='bbox 571 1109 673 1195; x_wconf 79' lang='lat' dir='ltr'><strong>Bora,</strong></span> <span class='ocrx_word' id='word_1_44' title='bbox 704 1107 858 1194; x_wconf 81' lang='lat' dir='ltr'><strong>Thomas,</strong></span> <span class='ocrx_word' id='word_1_45' title='bbox 875 1105 1064 1193; x_wconf 86' lang='lat' dir='ltr'><strong>Dyonisius,</strong></span> <span class='ocrx_word' id='word_1_46' title='bbox 1080 1104 1234 1173; x_wconf 90' lang='lat' dir='ltr'><strong>Detrieus</strong></span> <span class='ocrx_word' id='word_1_47' title='bbox 1251 1110 1284 1173; x_wconf 90' lang='lat' dir='ltr'><strong>et</strong></span> <span class='ocrx_word' id='word_1_48' title='bbox 1299 1104 1432 1192; x_wconf 84' lang='lat' dir='ltr'><strong>Symon,</strong></span> <span class='ocrx_word' id='word_1_49' title='bbox 1448 1123 1507 1189; x_wconf 92' lang='lat' dir='ltr'><strong>pro·</strong></span> 
     </span>
     <span class='ocr_line' id='line_1_8' title="bbox 398 1210 1550 1302; baseline -0.006 -18"><span class='ocrx_word' id='word_1_50' title='bbox 398 1217 553 1285; x_wconf 89' lang='lat' dir='ltr'><strong>miserunt</strong></span> <span class='ocrx_word' id='word_1_51' title='bbox 569 1222 602 1283; x_wconf 91' lang='lat' dir='ltr'><strong>et</strong></span> <span class='ocrx_word' id='word_1_52' title='bbox 617 1214 804 1302; x_wconf 78' lang='lat' dir='ltr'><strong>obligarunt</strong></span> <span class='ocrx_word' id='word_1_53' title='bbox 819 1234 864 1301; x_wconf 90' lang='lat' dir='ltr'><strong>se,</strong></span> <span class='ocrx_word' id='word_1_54' title='bbox 882 1212 968 1300; x_wconf 89' lang='lat' dir='ltr'><strong>qnod</strong></span> <span class='ocrx_word' id='word_1_55' title='bbox 985 1233 1043 1300; x_wconf 91' lang='lat' dir='ltr'><strong>per</strong></span> <span class='ocrx_word' id='word_1_56' title='bbox 1059 1212 1198 1280; x_wconf 87' lang='lat' dir='ltr'><strong>seruicia</strong></span> <span class='ocrx_word' id='word_1_57' title='bbox 1216 1212 1367 1298; x_wconf 79' lang='lat' dir='ltr'><strong>Magistri</strong></span> <span class='ocrx_word' id='word_1_58' title='bbox 1393 1210 1506 1296; x_wconf 67' lang='lat' dir='ltr'><strong>Georgdj</strong></span> <span class='ocrx_word' id='word_1_59' title='bbox 1546 1214 1550 1222; x_wconf 86' lang='lat'>&#39;</span> 
     </span>
     <span class='ocr_line' id='line_1_9' title="bbox 397 1321 1508 1412; baseline -0.005 -20"><span class='ocrx_word' id='word_1_60' title='bbox 397 1325 659 1412; x_wconf 76' lang='lat' dir='ltr'><strong>possessionibus</strong></span> <span class='ocrx_word' id='word_1_61' title='bbox 690 1323 850 1410; x_wconf 76' lang='lat' dir='ltr'><strong>aquisitis,</strong></span> <span class='ocrx_word' id='word_1_62' title='bbox 880 1321 1005 1390; x_wconf 91' lang='lat' dir='ltr'><strong>nullam</strong></span> <span class='ocrx_word' id='word_1_63' title='bbox 1036 1321 1238 1407; x_wconf 90' lang='lat' dir='ltr'><strong>diuisionem,</strong></span> <span class='ocrx_word' id='word_1_64' title='bbox 1257 1321 1386 1390; x_wconf 87' lang='lat' dir='ltr'><strong>unllam</strong></span> <span class='ocrx_word' id='word_1_65' title='bbox 1401 1329 1508 1406; x_wconf 85' lang='lat' dir='ltr'><strong>partem</strong></span> 
     </span>
     <span class='ocr_line' id='line_1_10' title="bbox 397 1427 1509 1518; baseline -0.004 -19"><span class='ocrx_word' id='word_1_66' title='bbox 397 1431 519 1500; x_wconf 89' lang='lat' dir='ltr'><strong>debent</strong></span> <span class='ocrx_word' id='word_1_67' title='bbox 535 1449 667 1518; x_wconf 87' lang='lat' dir='ltr'>querere</span> <span class='ocrx_word' id='word_1_68' title='bbox 687 1432 740 1499; x_wconf 87' lang='lat' dir='ltr'><strong>vel</strong></span> <span class='ocrx_word' id='word_1_69' title='bbox 771 1430 914 1515; x_wconf 74' lang='lat' dir='ltr'><strong>nabere,</strong></span> <span class='ocrx_word' id='word_1_70' title='bbox 938 1429 996 1497; x_wconf 88' lang='lat' dir='ltr'><strong>sed</strong></span> <span class='ocrx_word' id='word_1_71' title='bbox 1026 1429 1183 1515; x_wconf 82' lang='lat' dir='ltr'><strong>Magister</strong></span> <span class='ocrx_word' id='word_1_72' title='bbox 1214 1427 1389 1516; x_wconf 80' lang='lat' dir='ltr'><strong>Georgius,</strong></span> <span class='ocrx_word' id='word_1_73' title='bbox 1405 1435 1436 1495; x_wconf 88' lang='lat' dir='ltr'><strong>et</strong></span> <span class='ocrx_word' id='word_1_74' title='bbox 1461 1447 1509 1514; x_wconf 88' lang='lat' dir='ltr'><strong>per</strong></span> 
     </span>
     <span class='ocr_line' id='line_1_11' title="bbox 398 1535 1508 1623; baseline -0.005 -15"><span class='ocrx_word' id='word_1_75' title='bbox 398 1558 470 1609; x_wconf 90' lang='lat' dir='ltr'><strong>eum</strong></span> <span class='ocrx_word' id='word_1_76' title='bbox 501 1539 552 1607; x_wconf 89' lang='lat' dir='ltr'><strong>sui</strong></span> <span class='ocrx_word' id='word_1_77' title='bbox 583 1538 720 1608; x_wconf 87' lang='lat' dir='ltr'><strong>heredes</strong></span> <span class='ocrx_word' id='word_1_78' title='bbox 752 1537 970 1622; x_wconf 85' lang='lat' dir='ltr'>heredumque</span> <span class='ocrx_word' id='word_1_79' title='bbox 993 1556 1198 1606; x_wconf 88' lang='lat' dir='ltr'><strong>successores</strong></span> <span class='ocrx_word' id='word_1_80' title='bbox 1217 1535 1354 1623; x_wconf 85' lang='lat' dir='ltr'><strong>pacifice</strong></span> <span class='ocrx_word' id='word_1_81' title='bbox 1371 1541 1404 1604; x_wconf 88' lang='lat' dir='ltr'><strong>et</strong></span> <span class='ocrx_word' id='word_1_82' title='bbox 1418 1537 1508 1620; x_wconf 86' lang='lat' dir='ltr'><strong>quiete</strong></span> 
     </span>
     <span class='ocr_line' id='line_1_12' title="bbox 399 1642 1508 1735; baseline -0.006 -19"><span class='ocrx_word' id='word_1_83' title='bbox 399 1644 612 1735; x_wconf 86' lang='lat' dir='ltr'><strong>possiderent.</strong></span> <span class='ocrx_word' id='word_1_84' title='bbox 629 1647 711 1715; x_wconf 85' lang='lat' dir='ltr'><strong>item</strong></span> <span class='ocrx_word' id='word_1_85' title='bbox 728 1645 805 1732; x_wconf 89' lang='lat' dir='ltr'><strong>qnia</strong></span> <span class='ocrx_word' id='word_1_86' title='bbox 821 1652 905 1715; x_wconf 92' lang='lat' dir='ltr'><strong>mete</strong></span> <span class='ocrx_word' id='word_1_87' title='bbox 921 1646 1068 1732; x_wconf 90' lang='lat' dir='ltr'><strong>ipsarum</strong></span> <span class='ocrx_word' id='word_1_88' title='bbox 1088 1647 1330 1730; x_wconf 89' lang='lat' dir='ltr'><strong>possessionum</strong></span> <span class='ocrx_word' id='word_1_89' title='bbox 1346 1651 1381 1712; x_wconf 92' lang='lat' dir='ltr'><strong>et</strong></span> <span class='ocrx_word' id='word_1_90' title='bbox 1395 1642 1508 1711; x_wconf 85' lang='lat' dir='ltr'><strong>distinc</strong></span> 
     </span>
     <span class='ocr_line' id='line_1_13' title="bbox 397 1754 1508 1839; baseline -0.004 -17"><span class='ocrx_word' id='word_1_91' title='bbox 397 1758 508 1826; x_wconf 82' lang='lat' dir='ltr'><strong>aiones</strong></span> <span class='ocrx_word' id='word_1_92' title='bbox 522 1755 556 1822; x_wconf 92' lang='lat' dir='ltr'><strong>in</strong></span> <span class='ocrx_word' id='word_1_93' title='bbox 572 1761 684 1822; x_wconf 88' lang='lat' dir='ltr'><strong>nostra</strong></span> <span class='ocrx_word' id='word_1_94' title='bbox 698 1755 820 1823; x_wconf 83' lang='lat' dir='ltr'><strong>noticia</strong></span> <span class='ocrx_word' id='word_1_95' title='bbox 835 1774 900 1822; x_wconf 87' lang='lat' dir='ltr'><strong>non</strong></span> <span class='ocrx_word' id='word_1_96' title='bbox 917 1756 1119 1839; x_wconf 77' lang='lat' dir='ltr'><strong>constabant,</strong></span> <span class='ocrx_word' id='word_1_97' title='bbox 1154 1754 1346 1837; x_wconf 83' lang='lat' dir='ltr'><strong>Magistrum</strong></span> <span class='ocrx_word' id='word_1_98' title='bbox 1379 1755 1508 1836; x_wconf 79' lang='lat' dir='ltr'><strong>Matyam</strong></span> 
     </span>
     <span class='ocr_line' id='line_1_14' title="bbox 399 1859 1509 1950; baseline -0.005 -18"><span class='ocrx_word' id='word_1_99' title='bbox 399 1862 680 1950; x_wconf 85' lang='lat' dir='ltr'><strong>Arcbidyaeouum</strong></span> <span class='ocrx_word' id='word_1_100' title='bbox 720 1861 806 1930; x_wconf 86' lang='lat' dir='ltr'><strong>Noui</strong></span> <span class='ocrx_word' id='word_1_101' title='bbox 843 1860 960 1947; x_wconf 77' lang='lat' dir='ltr'><strong>(iastri,</strong></span> <span class='ocrx_word' id='word_1_102' title='bbox 991 1859 1148 1929; x_wconf 73' lang='lat' dir='ltr'><strong>Comitem</strong></span> <span class='ocrx_word' id='word_1_103' title='bbox 1187 1860 1320 1948; x_wconf 78' lang='lat' dir='ltr'><strong>Capeiic</strong></span> <span class='ocrx_word' id='word_1_104' title='bbox 1352 1863 1509 1932; x_wconf 82' lang='lat' dir='ltr'><strong>karissime</strong></span> 
     </span>
     <span class='ocr_line' id='line_1_15' title="bbox 399 1968 1510 2058; baseline -0.003 -19"><span class='ocrx_word' id='word_1_105' title='bbox 399 1971 558 2040; x_wconf 87' lang='lat' dir='ltr'><strong>consortis</strong></span> <span class='ocrx_word' id='word_1_106' title='bbox 574 1977 694 2058; x_wconf 90' lang='lat' dir='ltr'><strong>nostre,</strong></span> <span class='ocrx_word' id='word_1_107' title='bbox 726 1969 881 2039; x_wconf 86' lang='lat' dir='ltr'><strong>adiuncto</strong></span> <span class='ocrx_word' id='word_1_108' title='bbox 912 1968 1017 2036; x_wconf 90' lang='lat' dir='ltr'><strong>eidem</strong></span> <span class='ocrx_word' id='word_1_109' title='bbox 1048 1969 1147 2057; x_wconf 88' lang='lat' dir='ltr'><strong>socio,</strong></span> <span class='ocrx_word' id='word_1_110' title='bbox 1177 1968 1309 2036; x_wconf 83' lang='lat' dir='ltr'><strong>Andrea</strong></span> <span class='ocrx_word' id='word_1_111' title='bbox 1341 1970 1461 2039; x_wconf 76' lang='lat' dir='ltr'><strong>comite</strong></span> <span class='ocrx_word' id='word_1_112' title='bbox 1486 1978 1510 2038; x_wconf 87' lang='lat' dir='ltr'><strong>et</strong></span> 
     </span>
     <span class='ocr_line' id='line_1_16' title="bbox 400 2075 1509 2148; baseline -0.002 0"><span class='ocrx_word' id='word_1_113' title='bbox 400 2079 587 2148; x_wconf 83' lang='lat' dir='ltr'><strong>Ossteilano</strong></span> <span class='ocrx_word' id='word_1_114' title='bbox 603 2085 715 2148; x_wconf 90' lang='lat' dir='ltr'><strong>nostro</strong></span> <span class='ocrx_word' id='word_1_115' title='bbox 732 2077 774 2146; x_wconf 92' lang='lat' dir='ltr'><strong>de</strong></span> <span class='ocrx_word' id='word_1_116' title='bbox 790 2077 892 2145; x_wconf 83' lang='lat' dir='ltr'><strong>Saros</strong></span> <span class='ocrx_word' id='word_1_117' title='bbox 917 2075 962 2144; x_wconf 90' lang='lat' dir='ltr'><strong>ad</strong></span> <span class='ocrx_word' id='word_1_118' title='bbox 988 2076 1239 2146; x_wconf 85' lang='lat' dir='ltr'><strong>reambulsudas</strong></span> <span class='ocrx_word' id='word_1_119' title='bbox 1271 2085 1304 2146; x_wconf 85' lang='lat' dir='ltr'><strong>et</strong></span> <span class='ocrx_word' id='word_1_120' title='bbox 1335 2077 1509 2148; x_wconf 83' lang='lat' dir='ltr'><strong>statuendas</strong></span> 
     </span>
     <span class='ocr_line' id='line_1_17' title="bbox 398 2183 1509 2272; baseline 0.004 -19"><span class='ocrx_word' id='word_1_121' title='bbox 398 2187 488 2272; x_wconf 88' lang='lat' dir='ltr'><strong>ipsas</strong></span> <span class='ocrx_word' id='word_1_122' title='bbox 504 2193 607 2254; x_wconf 88' lang='lat' dir='ltr'><strong>terras</strong></span> <span class='ocrx_word' id='word_1_123' title='bbox 623 2185 780 2254; x_wconf 88' lang='lat' dir='ltr'><strong>misimus.</strong></span> <span class='ocrx_word' id='word_1_124' title='bbox 817 2183 881 2262; x_wconf 79' lang='lat' dir='ltr'><strong>Qui</strong></span> <span class='ocrx_word' id='word_1_125' title='bbox 895 2183 1100 2272; x_wconf 89' lang='lat' dir='ltr'><strong>postmodum</strong></span> <span class='ocrx_word' id='word_1_126' title='bbox 1116 2185 1159 2252; x_wconf 89' lang='lat' dir='ltr'><strong>ad</strong></span> <span class='ocrx_word' id='word_1_127' title='bbox 1175 2206 1235 2253; x_wconf 91' lang='lat' dir='ltr'><strong>nos</strong></span> <span class='ocrx_word' id='word_1_128' title='bbox 1251 2185 1425 2256; x_wconf 87' lang='lat' dir='ltr'><strong>redeuntes</strong></span> <span class='ocrx_word' id='word_1_129' title='bbox 1440 2197 1509 2257; x_wconf 87' lang='lat' dir='ltr'><strong>retu·</strong></span> 
     </span>
     <span class='ocr_line' id='line_1_18' title="bbox 398 2283 1509 2383; baseline 0.002 -21"><span class='ocrx_word' id='word_1_130' title='bbox 398 2295 515 2383; x_wconf 90' lang='lat' dir='ltr'><strong>lerunt,</strong></span> <span class='ocrx_word' id='word_1_131' title='bbox 530 2292 616 2380; x_wconf 89' lang='lat' dir='ltr'><strong>quod</strong></span> <span class='ocrx_word' id='word_1_132' title='bbox 631 2293 836 2379; x_wconf 86' lang='lat' dir='ltr'><strong>presentibus</strong></span> <span class='ocrx_word' id='word_1_133' title='bbox 846 2292 994 2361; x_wconf 89' lang='lat' dir='ltr'><strong>omnibus</strong></span> <span class='ocrx_word' id='word_1_134' title='bbox 1005 2283 1237 2362; x_wconf 86' lang='lat' dir='ltr'><strong>commetaneis</strong></span> <span class='ocrx_word' id='word_1_135' title='bbox 1248 2301 1279 2362; x_wconf 92' lang='lat' dir='ltr'><strong>et</strong></span> <span class='ocrx_word' id='word_1_136' title='bbox 1289 2296 1407 2365; x_wconf 86' lang='lat' dir='ltr'><strong>ricinis</strong></span> <span class='ocrx_word' id='word_1_137' title='bbox 1419 2296 1509 2364; x_wconf 81' lang='lat' dir='ltr'><strong>dictus</strong></span> 
     </span>
     <span class='ocr_line' id='line_1_19' title="bbox 398 2401 1510 2489; baseline 0.006 -21"><span class='ocrx_word' id='word_1_138' title='bbox 398 2409 503 2471; x_wconf 86' lang='lat' dir='ltr'><strong>terras</strong></span> <span class='ocrx_word' id='word_1_139' title='bbox 519 2401 788 2488; x_wconf 87' lang='lat' dir='ltr'><strong>reambulassent,</strong></span> <span class='ocrx_word' id='word_1_140' title='bbox 820 2409 852 2469; x_wconf 92' lang='lat' dir='ltr'><strong>et</strong></span> <span class='ocrx_word' id='word_1_141' title='bbox 867 2401 954 2470; x_wconf 92' lang='lat' dir='ltr'><strong>dicto</strong></span> <span class='ocrx_word' id='word_1_142' title='bbox 970 2402 1127 2486; x_wconf 86' lang='lat' dir='ltr'><strong>Magistro</strong></span> <span class='ocrx_word' id='word_1_143' title='bbox 1153 2401 1296 2489; x_wconf 76' lang='lat' dir='ltr'><strong>Georgio</strong></span> <span class='ocrx_word' id='word_1_144' title='bbox 1327 2407 1510 2488; x_wconf 73' lang='lat' dir='ltr'><strong>statuimeut</strong></span> 
     </span>
     <span class='ocr_line' id='line_1_20' title="bbox 399 2508 1511 2595; baseline 0 -17"><span class='ocrx_word' id='word_1_145' title='bbox 399 2510 489 2578; x_wconf 89' lang='lat' dir='ltr'><strong>nullo</strong></span> <span class='ocrx_word' id='word_1_146' title='bbox 505 2510 740 2580; x_wconf 78' lang='lat' dir='ltr'><strong>contradictore</strong></span> <span class='ocrx_word' id='word_1_147' title='bbox 757 2510 924 2580; x_wconf 82' lang='lat' dir='ltr'><strong>existente.</strong></span> <span class='ocrx_word' id='word_1_148' title='bbox 956 2508 1101 2587; x_wconf 78' lang='lat' dir='ltr'><strong>Quarum</strong></span> <span class='ocrx_word' id='word_1_149' title='bbox 1118 2510 1248 2595; x_wconf 90' lang='lat' dir='ltr'><strong>quidem</strong></span> <span class='ocrx_word' id='word_1_150' title='bbox 1266 2519 1426 2581; x_wconf 88' lang='lat' dir='ltr'><strong>terramm</strong></span> <span class='ocrx_word' id='word_1_151' title='bbox 1441 2520 1511 2580; x_wconf 86' lang='lat' dir='ltr'><strong>mete</strong></span> 
     </span>
     <span class='ocr_line' id='line_1_21' title="bbox 402 2616 1511 2708; baseline 0.001 -22"><span class='ocrx_word' id='word_1_152' title='bbox 402 2626 435 2686; x_wconf 92' lang='lat' dir='ltr'><strong>et</strong></span> <span class='ocrx_word' id='word_1_153' title='bbox 451 2618 688 2703; x_wconf 75' lang='lat' dir='ltr'><strong>distinctiones,</strong></span> <span class='ocrx_word' id='word_1_154' title='bbox 720 2619 804 2686; x_wconf 90' lang='lat' dir='ltr'><strong>sicut</strong></span> <span class='ocrx_word' id='word_1_155' title='bbox 818 2616 920 2703; x_wconf 91' lang='lat' dir='ltr'><strong>ijdem</strong></span> <span class='ocrx_word' id='word_1_156' title='bbox 937 2619 1031 2686; x_wconf 93' lang='lat' dir='ltr'><strong>nobis</strong></span> <span class='ocrx_word' id='word_1_157' title='bbox 1047 2619 1232 2708; x_wconf 78' lang='lat' dir='ltr'><strong>recitarunt,</strong></span> <span class='ocrx_word' id='word_1_158' title='bbox 1264 2627 1297 2686; x_wconf 93' lang='lat' dir='ltr'><strong>et</strong></span> <span class='ocrx_word' id='word_1_159' title='bbox 1328 2622 1365 2688; x_wconf 89' lang='lat' dir='ltr'><strong>in</strong></span> <span class='ocrx_word' id='word_1_160' title='bbox 1396 2621 1511 2708; x_wconf 90' lang='lat' dir='ltr'><strong>seriptis</strong></span> 
     </span>
     <span class='ocr_line' id='line_1_22' title="bbox 401 2724 1509 2816; baseline 0.003 -23"><span class='ocrx_word' id='word_1_161' title='bbox 401 2733 655 2816; x_wconf 88' lang='lat' dir='ltr'><strong>reportauerunt,</strong></span> <span class='ocrx_word' id='word_1_162' title='bbox 672 2724 734 2794; x_wconf 91' lang='lat' dir='ltr'><strong>hoc</strong></span> <span class='ocrx_word' id='word_1_163' title='bbox 749 2725 862 2793; x_wconf 86' lang='lat' dir='ltr'><strong>ordine</strong></span> <span class='ocrx_word' id='word_1_164' title='bbox 877 2724 1121 2812; x_wconf 83' lang='lat' dir='ltr'><strong>distinguntur·</strong></span> <span class='ocrx_word' id='word_1_165' title='bbox 1136 2727 1248 2794; x_wconf 89' lang='lat' dir='ltr'><strong>Prima</strong></span> <span class='ocrx_word' id='word_1_166' title='bbox 1272 2735 1361 2796; x_wconf 87' lang='lat' dir='ltr'><strong>mets</strong></span> <span class='ocrx_word' id='word_1_167' title='bbox 1391 2732 1433 2797; x_wconf 86' lang='lat' dir='ltr'><strong>ab</strong></span> <span class='ocrx_word' id='word_1_168' title='bbox 1461 2733 1509 2799; x_wconf 86' lang='lat' dir='ltr'><strong>ori·</strong></span> 
     </span>
     <span class='ocr_line' id='line_1_23' title="bbox 402 2833 1510 2950; baseline 0.002 -45"><span class='ocrx_word' id='word_1_169' title='bbox 402 2845 485 2950; x_wconf 88' lang='lat' dir='ltr'><strong>ente</strong></span> <span class='ocrx_word' id='word_1_170' title='bbox 502 2835 558 2904; x_wconf 84' lang='lat' dir='ltr'><strong>rbi</strong></span> <span class='ocrx_word' id='word_1_171' title='bbox 573 2833 818 2922; x_wconf 82' lang='lat' dir='ltr'><strong>Bystrapotoka</strong></span> <span class='ocrx_word' id='word_1_172' title='bbox 834 2836 901 2903; x_wconf 85' lang='lat' dir='ltr'><strong>exit</strong></span> <span class='ocrx_word' id='word_1_173' title='bbox 915 2856 936 2904; x_wconf 88' lang='lat' dir='ltr'><strong>a</strong></span> <span class='ocrx_word' id='word_1_174' title='bbox 952 2834 1052 2903; x_wconf 90' lang='lat' dir='ltr'><strong>fluuio</strong></span> <span class='ocrx_word' id='word_1_175' title='bbox 1067 2834 1205 2923; x_wconf 76' lang='lat' dir='ltr'><strong>Thopla,</strong></span> <span class='ocrx_word' id='word_1_176' title='bbox 1229 2843 1262 2904; x_wconf 90' lang='lat' dir='ltr'><strong>et</strong></span> <span class='ocrx_word' id='word_1_177' title='bbox 1277 2837 1391 2907; x_wconf 90' lang='lat' dir='ltr'><strong>eadit</strong></span> <span class='ocrx_word' id='word_1_178' title='bbox 1381 2862 1415 2905; x_wconf 90' lang='grc' dir='ltr'><strong>ιιι</strong></span> <span class='ocrx_word' id='word_1_179' title='bbox 1430 2840 1510 2907; x_wconf 90' lang='lat' dir='ltr'><strong>meri·</strong></span> 
     </span>
     <span class='ocr_line' id='line_1_24' title="bbox 400 2887 1510 3030; baseline 0.003 -19"><span class='ocrx_word' id='word_1_180' title='bbox 400 2944 486 3012; x_wconf 91' lang='lat' dir='ltr'><strong>diem</strong></span> <span class='ocrx_word' id='word_1_181' title='bbox 470 2887 865 3030; x_wconf 77' lang='lat' dir='ltr'><strong>adbopnehostauara3</strong></span> <span class='ocrx_word' id='word_1_182' title='bbox 890 2949 923 3009; x_wconf 88' lang='lat' dir='ltr'><strong>et</strong></span> <span class='ocrx_word' id='word_1_183' title='bbox 939 2941 1015 3010; x_wconf 90' lang='lat' dir='ltr'><strong>inde</strong></span> <span class='ocrx_word' id='word_1_184' title='bbox 1040 2943 1147 3029; x_wconf 83' lang='lat' dir='ltr'><strong>uergit</strong></span> <span class='ocrx_word' id='word_1_185' title='bbox 1176 2943 1220 3013; x_wconf 87' lang='lat' dir='ltr'><strong>ad</strong></span> <span class='ocrx_word' id='word_1_186' title='bbox 1251 2945 1449 3015; x_wconf 89' lang='lat' dir='ltr'><strong>occidentem</strong></span> <span class='ocrx_word' id='word_1_187' title='bbox 1475 2945 1510 3014; x_wconf 86' lang='lat' dir='ltr'><strong>ad</strong></span> 
     </span>
     <span class='ocr_line' id='line_1_25' title="bbox 399 3049 1508 3141; baseline -0.001 -21"><span class='ocrx_word' id='word_1_188' title='bbox 399 3057 498 3139; x_wconf 86' lang='lat' dir='ltr'><strong>capnt</strong></span> <span class='ocrx_word' id='word_1_189' title='bbox 515 3049 601 3136; x_wconf 88' lang='lat' dir='ltr'><strong>tinuij</strong></span> <span class='ocrx_word' id='word_1_190' title='bbox 619 3049 752 3119; x_wconf 87' lang='lat' dir='ltr'><strong>maioris</strong></span> <span class='ocrx_word' id='word_1_191' title='bbox 767 3050 892 3136; x_wconf 79' lang='lat' dir='ltr'><strong>Delue3</strong></span> <span class='ocrx_word' id='word_1_192' title='bbox 917 3058 1031 3138; x_wconf 90' lang='lat' dir='ltr'><strong>postea</strong></span> <span class='ocrx_word' id='word_1_193' title='bbox 1062 3049 1156 3119; x_wconf 86' lang='lat' dir='ltr'><strong>vadit</strong></span> <span class='ocrx_word' id='word_1_194' title='bbox 1185 3051 1229 3119; x_wconf 86' lang='lat' dir='ltr'><strong>ad</strong></span> <span class='ocrx_word' id='word_1_195' title='bbox 1259 3059 1358 3141; x_wconf 89' lang='lat' dir='ltr'><strong>caput</strong></span> <span class='ocrx_word' id='word_1_196' title='bbox 1391 3053 1508 3122; x_wconf 91' lang='lat' dir='ltr'><strong>minoris</strong></span> 
     </span>
     <span class='ocr_line' id='line_1_26' title="bbox 399 3157 1508 3248; baseline 0.002 -21"><span class='ocrx_word' id='word_1_197' title='bbox 399 3161 521 3240; x_wconf 78' lang='lat' dir='ltr'><strong>Delue3</strong></span> <span class='ocrx_word' id='word_1_198' title='bbox 547 3165 579 3228; x_wconf 88' lang='lat' dir='ltr'><strong>et</strong></span> <span class='ocrx_word' id='word_1_199' title='bbox 594 3179 652 3245; x_wconf 95' lang='lat' dir='ltr'><strong>per</strong></span> <span class='ocrx_word' id='word_1_200' title='bbox 668 3159 803 3227; x_wconf 87' lang='lat' dir='ltr'><strong>e&#39;undem</strong></span> <span class='ocrx_word' id='word_1_201' title='bbox 821 3158 1032 3227; x_wconf 88' lang='lat' dir='ltr'><strong>monticulum</strong></span> <span class='ocrx_word' id='word_1_202' title='bbox 1048 3157 1155 3228; x_wconf 89' lang='lat' dir='ltr'><strong>eundo</strong></span> <span class='ocrx_word' id='word_1_203' title='bbox 1172 3157 1261 3227; x_wconf 86' lang='lat' dir='ltr'><strong>radit</strong></span> <span class='ocrx_word' id='word_1_204' title='bbox 1276 3162 1321 3229; x_wconf 86' lang='lat' dir='ltr'><strong>ad</strong></span> <span class='ocrx_word' id='word_1_205' title='bbox 1336 3164 1508 3248; x_wconf 85' lang='lat' dir='ltr'><strong>Remetepc</strong></span> 
     </span>
     <span class='ocr_line' id='line_1_27' title="bbox 397 3266 1509 3358; baseline 0.004 -24"><span class='ocrx_word' id='word_1_206' title='bbox 397 3266 496 3350; x_wconf 84' lang='lat' dir='ltr'><strong>toka;</strong></span> <span class='ocrx_word' id='word_1_207' title='bbox 519 3267 598 3337; x_wconf 91' lang='lat' dir='ltr'><strong>inde</strong></span> <span class='ocrx_word' id='word_1_208' title='bbox 615 3266 707 3335; x_wconf 86' lang='lat' dir='ltr'><strong>vadit</strong></span> <span class='ocrx_word' id='word_1_209' title='bbox 721 3267 765 3335; x_wconf 90' lang='lat' dir='ltr'><strong>ad</strong></span> <span class='ocrx_word' id='word_1_210' title='bbox 781 3268 982 3356; x_wconf 84' lang='lat' dir='ltr'><strong>Lazpotoka,</strong></span> <span class='ocrx_word' id='word_1_211' title='bbox 1000 3275 1032 3334; x_wconf 90' lang='lat' dir='ltr'><strong>et</strong></span> <span class='ocrx_word' id='word_1_212' title='bbox 1048 3267 1136 3336; x_wconf 89' lang='lat' dir='ltr'><strong>eadit</strong></span> <span class='ocrx_word' id='word_1_213' title='bbox 1151 3269 1185 3335; x_wconf 92' lang='lat' dir='ltr'><strong>in</strong></span> <span class='ocrx_word' id='word_1_214' title='bbox 1202 3270 1363 3358; x_wconf 86' lang='lat' dir='ltr'><strong>Delnam;</strong></span> <span class='ocrx_word' id='word_1_215' title='bbox 1386 3280 1418 3340; x_wconf 89' lang='lat' dir='ltr'><strong>et</strong></span> <span class='ocrx_word' id='word_1_216' title='bbox 1445 3269 1509 3338; x_wconf 89' lang='lat' dir='ltr'><strong>inde</strong></span> 
     </span>
     <span class='ocr_line' id='line_1_28' title="bbox 396 3375 1509 3466; baseline -0.001 -21"><span class='ocrx_word' id='word_1_217' title='bbox 396 3376 543 3465; x_wconf 89' lang='lat' dir='ltr'><strong>procedit</strong></span> <span class='ocrx_word' id='word_1_218' title='bbox 558 3395 674 3446; x_wconf 87' lang='lat' dir='ltr'><strong>uersus</strong></span> <span class='ocrx_word' id='word_1_219' title='bbox 691 3376 849 3446; x_wconf 89' lang='lat' dir='ltr'><strong>orientem</strong></span> <span class='ocrx_word' id='word_1_220' title='bbox 865 3376 909 3444; x_wconf 87' lang='lat' dir='ltr'><strong>ad</strong></span> <span class='ocrx_word' id='word_1_221' title='bbox 926 3375 1298 3466; x_wconf 83' lang='lat' dir='ltr'><strong>Kcuruspotokatewyn,</strong></span> <span class='ocrx_word' id='word_1_222' title='bbox 1316 3381 1372 3448; x_wconf 90' lang='lat' dir='ltr'><strong>ubi</strong></span> <span class='ocrx_word' id='word_1_223' title='bbox 1387 3380 1509 3448; x_wconf 88' lang='lat' dir='ltr'><strong>eaditin</strong></span> 
     </span>
     <span class='ocr_line' id='line_1_29' title="bbox 397 3482 1509 3575; baseline 0.004 -27"><span class='ocrx_word' id='word_1_224' title='bbox 397 3484 557 3572; x_wconf 81' lang='lat' dir='ltr'><strong>Delnam3</strong></span> <span class='ocrx_word' id='word_1_225' title='bbox 573 3491 605 3553; x_wconf 92' lang='lat' dir='ltr'><strong>et</strong></span> <span class='ocrx_word' id='word_1_226' title='bbox 621 3482 740 3553; x_wconf 91' lang='lat' dir='ltr'><strong>ibidem</strong></span> <span class='ocrx_word' id='word_1_227' title='bbox 756 3504 815 3569; x_wconf 90' lang='lat' dir='ltr'><strong>per</strong></span> <span class='ocrx_word' id='word_1_228' title='bbox 830 3485 957 3553; x_wconf 87' lang='lat' dir='ltr'><strong>Keurus</strong></span> <span class='ocrx_word' id='word_1_229' title='bbox 973 3485 1076 3574; x_wconf 89' lang='lat' dir='ltr'><strong>vadit,</strong></span> <span class='ocrx_word' id='word_1_230' title='bbox 1092 3505 1191 3570; x_wconf 89' lang='lat' dir='ltr'><strong>supra</strong></span> <span class='ocrx_word' id='word_1_231' title='bbox 1207 3507 1306 3570; x_wconf 87' lang='lat' dir='ltr'><strong>qnam</strong></span> <span class='ocrx_word' id='word_1_232' title='bbox 1323 3493 1452 3575; x_wconf 85' lang='lat' dir='ltr'><strong>separat</strong></span> <span class='ocrx_word' id='word_1_233' title='bbox 1461 3506 1509 3554; x_wconf 87' lang='lat' dir='ltr'><strong>uos</strong></span> 
     </span>
     <span class='ocr_line' id='line_1_30' title="bbox 399 3592 1508 3680; baseline 0.004 -19"><span class='ocrx_word' id='word_1_234' title='bbox 399 3594 510 3680; x_wconf 87' lang='lat' dir='ltr'><strong>afiiijs</strong></span> <span class='ocrx_word' id='word_1_235' title='bbox 527 3593 671 3679; x_wconf 80' lang='lat' dir='ltr'><strong>Georgij,</strong></span> <span class='ocrx_word' id='word_1_236' title='bbox 690 3593 786 3660; x_wconf 90' lang='lat' dir='ltr'><strong>Petro</strong></span> <span class='ocrx_word' id='word_1_237' title='bbox 802 3599 836 3660; x_wconf 93' lang='lat' dir='ltr'><strong>et</strong></span> <span class='ocrx_word' id='word_1_238' title='bbox 850 3592 1012 3679; x_wconf 83' lang='lat' dir='ltr'><strong>Johanne,</strong></span> <span class='ocrx_word' id='word_1_239' title='bbox 1027 3594 1079 3660; x_wconf 91' lang='lat' dir='ltr'><strong>cui</strong></span> <span class='ocrx_word' id='word_1_240' title='bbox 1094 3599 1182 3662; x_wconf 87' lang='lat' dir='ltr'><strong>terra</strong></span> <span class='ocrx_word' id='word_1_241' title='bbox 1207 3615 1323 3663; x_wconf 92' lang='lat' dir='ltr'><strong>nomen</strong></span> <span class='ocrx_word' id='word_1_242' title='bbox 1349 3597 1508 3678; x_wconf 74' lang='lat' dir='ltr'><strong>sumum,</strong></span> 
     </span>
     <span class='ocr_line' id='line_1_31' title="bbox 399 3699 1509 3787; baseline -0.004 -16"><span class='ocrx_word' id='word_1_243' title='bbox 399 3722 512 3771; x_wconf 85' lang='lat' dir='ltr'><strong>versus</strong></span> <span class='ocrx_word' id='word_1_244' title='bbox 528 3701 695 3786; x_wconf 90' lang='lat' dir='ltr'><strong>orientem,</strong></span> <span class='ocrx_word' id='word_1_245' title='bbox 712 3700 766 3786; x_wconf 90' lang='lat' dir='ltr'><strong>qui</strong></span> <span class='ocrx_word' id='word_1_246' title='bbox 782 3703 896 3768; x_wconf 90' lang='lat' dir='ltr'><strong>Petrus</strong></span> <span class='ocrx_word' id='word_1_247' title='bbox 911 3706 945 3767; x_wconf 93' lang='lat' dir='ltr'><strong>et</strong></span> <span class='ocrx_word' id='word_1_248' title='bbox 959 3699 1126 3769; x_wconf 75' lang='lat' dir='ltr'><strong>iohannes</strong></span> <span class='ocrx_word' id='word_1_249' title='bbox 1143 3701 1246 3787; x_wconf 93' lang='lat' dir='ltr'><strong>primo</strong></span> <span class='ocrx_word' id='word_1_250' title='bbox 1262 3703 1342 3770; x_wconf 91' lang='lat' dir='ltr'><strong>dieti</strong></span> <span class='ocrx_word' id='word_1_251' title='bbox 1357 3709 1509 3773; x_wconf 88' lang='lat' dir='ltr'><strong>sunteom·</strong></span> 
     </span>
     <span class='ocr_line' id='line_1_32' title="bbox 400 3807 1508 3894; baseline -0.003 -18"><span class='ocrx_word' id='word_1_252' title='bbox 400 3807 543 3879; x_wconf 77' lang='lat' dir='ltr'><strong>metensi</strong></span> <span class='ocrx_word' id='word_1_253' title='bbox 558 3807 707 3894; x_wconf 84' lang='lat' dir='ltr'><strong>Magistri</strong></span> <span class='ocrx_word' id='word_1_254' title='bbox 732 3808 884 3894; x_wconf 74' lang='lat' dir='ltr'><strong>Georgij3</strong></span> <span class='ocrx_word' id='word_1_255' title='bbox 909 3814 942 3877; x_wconf 92' lang='lat' dir='ltr'><strong>et</strong></span> <span class='ocrx_word' id='word_1_256' title='bbox 968 3808 1087 3876; x_wconf 88' lang='lat' dir='ltr'><strong>ibidem</strong></span> <span class='ocrx_word' id='word_1_257' title='bbox 1119 3810 1253 3878; x_wconf 87' lang='lat' dir='ltr'><strong>vertitur</strong></span> <span class='ocrx_word' id='word_1_258' title='bbox 1283 3810 1327 3878; x_wconf 89' lang='lat' dir='ltr'><strong>ad</strong></span> <span class='ocrx_word' id='word_1_259' title='bbox 1358 3809 1508 3880; x_wconf 90' lang='lat' dir='ltr'><strong>meridiem</strong></span> 
     </span>
     <span class='ocr_line' id='line_1_33' title="bbox 399 3915 1509 4005; baseline -0.004 -19"><span class='ocrx_word' id='word_1_260' title='bbox 399 3937 500 4005; x_wconf 89' lang='lat' dir='ltr'><strong>super</strong></span> <span class='ocrx_word' id='word_1_261' title='bbox 514 3915 765 4002; x_wconf 85' lang='lat' dir='ltr'><strong>Faeharastara,</strong></span> <span class='ocrx_word' id='word_1_262' title='bbox 798 3916 853 4001; x_wconf 89' lang='lat' dir='ltr'><strong>qui</strong></span> <span class='ocrx_word' id='word_1_263' title='bbox 870 3915 963 3984; x_wconf 92' lang='lat' dir='ltr'><strong>nobis</strong></span> <span class='ocrx_word' id='word_1_264' title='bbox 996 3917 1087 3986; x_wconf 88' lang='lat' dir='ltr'><strong>locus</strong></span> <span class='ocrx_word' id='word_1_265' title='bbox 1117 3917 1305 3986; x_wconf 81' lang='lat' dir='ltr'><strong>venacionis</strong></span> <span class='ocrx_word' id='word_1_266' title='bbox 1338 3927 1424 4000; x_wconf 88' lang='lat' dir='ltr'><strong>erat;</strong></span> <span class='ocrx_word' id='word_1_267' title='bbox 1445 3917 1509 3985; x_wconf 93' lang='lat' dir='ltr'><strong>inde</strong></span> 
     </span>
     <span class='ocr_line' id='line_1_34' title="bbox 397 4023 1509 4113; baseline -0.007 -16"><span class='ocrx_word' id='word_1_268' title='bbox 397 4026 489 4097; x_wconf 88' lang='lat' dir='ltr'><strong>vadit</strong></span> <span class='ocrx_word' id='word_1_269' title='bbox 504 4025 548 4092; x_wconf 88' lang='lat' dir='ltr'><strong>ad</strong></span> <span class='ocrx_word' id='word_1_270' title='bbox 564 4024 792 4109; x_wconf 85' lang='lat' dir='ltr'><strong>Zarazpotoka</strong></span> <span class='ocrx_word' id='word_1_271' title='bbox 808 4047 815 4110; x_wconf 79' lang='lat'><em>3</em></span> <span class='ocrx_word' id='word_1_272' title='bbox 838 4023 915 4092; x_wconf 89' lang='lat' dir='ltr'><strong>inde</strong></span> <span class='ocrx_word' id='word_1_273' title='bbox 931 4025 1042 4094; x_wconf 90' lang='lat' dir='ltr'><strong>exiens</strong></span> <span class='ocrx_word' id='word_1_274' title='bbox 1058 4025 1149 4093; x_wconf 87' lang='lat' dir='ltr'><strong>vadit</strong></span> <span class='ocrx_word' id='word_1_275' title='bbox 1164 4026 1207 4092; x_wconf 91' lang='lat' dir='ltr'><strong>ad</strong></span> <span class='ocrx_word' id='word_1_276' title='bbox 1223 4026 1393 4113; x_wconf 90' lang='lat' dir='ltr'><strong>Mogosbid</strong></span> <span class='ocrx_word' id='word_1_277' title='bbox 1422 4025 1509 4094; x_wconf 82' lang='lat' dir='ltr'><strong>nobri-</strong></span> 
     </span>
     <span class='ocr_line' id='line_1_35' title="bbox 397 4130 1508 4223; baseline -0.005 -20"><span class='ocrx_word' id='word_1_278' title='bbox 397 4143 529 4219; x_wconf 88' lang='lat' dir='ltr'><strong>uatum;</strong></span> <span class='ocrx_word' id='word_1_279' title='bbox 555 4139 587 4200; x_wconf 92' lang='lat' dir='ltr'><strong>et</strong></span> <span class='ocrx_word' id='word_1_280' title='bbox 602 4130 678 4199; x_wconf 92' lang='lat' dir='ltr'><strong>iude</strong></span> <span class='ocrx_word' id='word_1_281' title='bbox 695 4131 897 4200; x_wconf 90' lang='lat' dir='ltr'><strong>descendens</strong></span> <span class='ocrx_word' id='word_1_282' title='bbox 913 4131 1000 4199; x_wconf 90' lang='lat' dir='ltr'><strong>cadit</strong></span> <span class='ocrx_word' id='word_1_283' title='bbox 1016 4131 1059 4199; x_wconf 87' lang='lat' dir='ltr'><strong>ad</strong></span> <span class='ocrx_word' id='word_1_284' title='bbox 1074 4133 1207 4202; x_wconf 90' lang='lat' dir='ltr'><strong>fluuium</strong></span> <span class='ocrx_word' id='word_1_285' title='bbox 1233 4135 1373 4223; x_wconf 80' lang='lat' dir='ltr'><strong>Tarcba,</strong></span> <span class='ocrx_word' id='word_1_286' title='bbox 1404 4144 1433 4203; x_wconf 93' lang='lat' dir='ltr'><strong>et</strong></span> <span class='ocrx_word' id='word_1_287' title='bbox 1461 4153 1508 4220; x_wconf 93' lang='lat' dir='ltr'><strong>per</strong></span> 
     </span>
     <span class='ocr_line' id='line_1_36' title="bbox 397 4237 1507 4331; baseline -0.005 -20"><span class='ocrx_word' id='word_1_288' title='bbox 397 4242 532 4311; x_wconf 89' lang='lat' dir='ltr'><strong>eundem</strong></span> <span class='ocrx_word' id='word_1_289' title='bbox 549 4237 639 4307; x_wconf 83' lang='lat' dir='ltr'><strong>vadit</strong></span> <span class='ocrx_word' id='word_1_290' title='bbox 654 4261 755 4327; x_wconf 85' lang='lat' dir='ltr'><strong>supra</strong></span> <span class='ocrx_word' id='word_1_291' title='bbox 770 4240 815 4308; x_wconf 88' lang='lat' dir='ltr'><strong>ad</strong></span> <span class='ocrx_word' id='word_1_292' title='bbox 830 4243 1101 4331; x_wconf 89' lang='lat' dir='ltr'><strong>septemtrionem,</strong></span> <span class='ocrx_word' id='word_1_293' title='bbox 1136 4249 1168 4311; x_wconf 88' lang='lat' dir='ltr'><strong>et</strong></span> <span class='ocrx_word' id='word_1_294' title='bbox 1184 4246 1252 4312; x_wconf 87' lang='lat' dir='ltr'><strong>exit</strong></span> <span class='ocrx_word' id='word_1_295' title='bbox 1267 4265 1364 4331; x_wconf 90' lang='lat' dir='ltr'><strong>super</strong></span> <span class='ocrx_word' id='word_1_296' title='bbox 1385 4245 1507 4326; x_wconf 86' lang='lat' dir='ltr'><strong>Senege</strong></span> 
     </span>
     <span class='ocr_line' id='line_1_37' title="bbox 397 4344 1505 4435; baseline 0.001 -21"><span class='ocrx_word' id='word_1_297' title='bbox 397 4344 579 4434; x_wconf 85' lang='lat' dir='ltr'><strong>thepataka</strong></span> <span class='ocrx_word' id='word_1_298' title='bbox 605 4345 648 4412; x_wconf 89' lang='lat' dir='ltr'><strong>ad</strong></span> <span class='ocrx_word' id='word_1_299' title='bbox 681 4347 901 4435; x_wconf 74' lang='lat' dir='ltr'><strong>occidentem,</strong></span> <span class='ocrx_word' id='word_1_300' title='bbox 927 4349 1065 4435; x_wconf 87' lang='lat' dir='ltr'><strong>denique</strong></span> <span class='ocrx_word' id='word_1_301' title='bbox 1098 4351 1211 4420; x_wconf 84' lang='lat' dir='ltr'><strong>exiens</strong></span> <span class='ocrx_word' id='word_1_302' title='bbox 1243 4352 1335 4420; x_wconf 85' lang='lat' dir='ltr'><strong>vadit</strong></span> <span class='ocrx_word' id='word_1_303' title='bbox 1364 4352 1405 4418; x_wconf 90' lang='lat' dir='ltr'><strong>ad</strong></span> <span class='ocrx_word' id='word_1_304' title='bbox 1433 4350 1505 4418; x_wconf 76' lang='lat' dir='ltr'><strong>nm</strong></span> 
     </span>
     <span class='ocr_line' id='line_1_38' title="bbox 398 4454 1504 4545; baseline 0.001 -22"><span class='ocrx_word' id='word_1_305' title='bbox 398 4455 642 4543; x_wconf 83' lang='lat' dir='ltr'><strong>Kyrokertyra;</strong></span> <span class='ocrx_word' id='word_1_306' title='bbox 666 4454 741 4525; x_wconf 89' lang='lat' dir='ltr'><strong>inde</strong></span> <span class='ocrx_word' id='word_1_307' title='bbox 756 4457 848 4525; x_wconf 89' lang='lat' dir='ltr'><strong>vadit</strong></span> <span class='ocrx_word' id='word_1_308' title='bbox 864 4457 906 4523; x_wconf 90' lang='lat' dir='ltr'><strong>ad</strong></span> <span class='ocrx_word' id='word_1_309' title='bbox 922 4459 1028 4528; x_wconf 90' lang='lat' dir='ltr'><strong>locum</strong></span> <span class='ocrx_word' id='word_1_310' title='bbox 1057 4459 1277 4545; x_wconf 87' lang='lat' dir='ltr'><strong>Wojtchraris</strong></span> <span class='ocrx_word' id='word_1_311' title='bbox 1307 4463 1504 4536; x_wconf 66' lang='lat' dir='ltr'><strong>nominatum</strong></span> 
     </span>
     <span class='ocr_line' id='line_1_39' title="bbox 397 4561 1503 4658; baseline 0.002 -26"><span class='ocrx_word' id='word_1_312' title='bbox 397 4572 431 4632; x_wconf 91' lang='lat' dir='ltr'><strong>et</strong></span> <span class='ocrx_word' id='word_1_313' title='bbox 447 4563 526 4633; x_wconf 90' lang='lat' dir='ltr'><strong>inde</strong></span> <span class='ocrx_word' id='word_1_314' title='bbox 540 4561 634 4633; x_wconf 80' lang='lat' dir='ltr'><strong>uadit</strong></span> <span class='ocrx_word' id='word_1_315' title='bbox 648 4565 693 4632; x_wconf 87' lang='lat' dir='ltr'><strong>ud</strong></span> <span class='ocrx_word' id='word_1_316' title='bbox 710 4566 974 4657; x_wconf 83' lang='lat' dir='ltr'><strong>Kyebespotoka,</strong></span> <span class='ocrx_word' id='word_1_317' title='bbox 992 4576 1025 4636; x_wconf 90' lang='lat' dir='ltr'><strong>et</strong></span> <span class='ocrx_word' id='word_1_318' title='bbox 1040 4571 1121 4638; x_wconf 89' lang='lat' dir='ltr'><strong>salit</strong></span> <span class='ocrx_word' id='word_1_319' title='bbox 1135 4569 1180 4638; x_wconf 87' lang='lat' dir='ltr'><strong>ad</strong></span> <span class='ocrx_word' id='word_1_320' title='bbox 1196 4568 1457 4658; x_wconf 88' lang='lat' dir='ltr'><strong>septemtrionem,</strong></span> <span class='ocrx_word' id='word_1_321' title='bbox 1479 4569 1503 4627; x_wconf 82' lang='lat' dir='ltr'><strong>et</strong></span> 
     </span>
     <span class='ocr_line' id='line_1_40' title="bbox 396 4671 1502 4766; baseline -0.005 -20"><span class='ocrx_word' id='word_1_322' title='bbox 396 4673 487 4746; x_wconf 83' lang='lat' dir='ltr'><strong>radit</strong></span> <span class='ocrx_word' id='word_1_323' title='bbox 501 4671 544 4741; x_wconf 90' lang='lat' dir='ltr'><strong>ad</strong></span> <span class='ocrx_word' id='word_1_324' title='bbox 560 4672 751 4761; x_wconf 86' lang='lat' dir='ltr'><strong>Mylpotoka</strong></span> <span class='ocrx_word' id='word_1_325' title='bbox 767 4678 977 4766; x_wconf 85' lang='lat' dir='ltr'><strong>nominatum,</strong></span> <span class='ocrx_word' id='word_1_326' title='bbox 1009 4686 1041 4747; x_wconf 89' lang='lat' dir='ltr'><strong>et</strong></span> <span class='ocrx_word' id='word_1_327' title='bbox 1056 4678 1134 4748; x_wconf 88' lang='lat' dir='ltr'><strong>salit</strong></span> <span class='ocrx_word' id='word_1_328' title='bbox 1149 4678 1192 4746; x_wconf 85' lang='lat' dir='ltr'><strong>ad</strong></span> <span class='ocrx_word' id='word_1_329' title='bbox 1209 4680 1364 4749; x_wconf 90' lang='lat' dir='ltr'><strong>orientem</strong></span> <span class='ocrx_word' id='word_1_330' title='bbox 1378 4676 1419 4746; x_wconf 90' lang='lat' dir='ltr'><strong>ad</strong></span> <span class='ocrx_word' id='word_1_331' title='bbox 1433 4675 1502 4740; x_wconf 74' lang='lat' dir='ltr'><strong>mete</strong></span> 
     </span>
    </p>
   </div>
   <div class='ocr_carea' id='block_1_3' title="bbox 0 0 1576 5198">
    <p class='ocr_par' dir='ltr' id='par_1_3' title="bbox 0 0 1576 5198">
     <span class='ocr_line' id='line_1_41' title="bbox 0 0 1576 5198; baseline 0 0"><span class='ocrx_word' id='word_1_332' title='bbox 0 0 1576 5198; x_wconf 95' lang='lat' dir='ltr'><strong> </strong></span> 
     </span>
    </p>
   </div>
  </div>
 </body>
</html>
