3194 5196
929 321 996 396 634
1189 433 1195 438 Ι
1566 37 1591 389 Ι

847 411 850 420 “
879 413 1039 434 νυνι-υκαι

404 533 427 580 t·
502 519 572 592 Nos
586 517 697 609 igitur,
713 520 830 606 quibus
846 540 887 594 ex
901 519 1008 591 oideio
1022 519 1166 609 suseepti
1182 517 1352 609 regiminis
1367 518 1523 597 inoumbit

396 627 500 697 metiri
516 636 547 697 et
562 648 703 717 pensare
718 628 835 697 merita
850 627 1062 716 singulorum,
1095 635 1127 700 et
1142 628 1317 716 uniquique
1331 629 1428 700 iuxta
1457 633 1521 702 ω’-

397 736 545 820 gerulam
561 755 693 804 suorum
710 737 896 806 meritorum
911 735 1020 822 dignis
1035 736 1357 809 remuneracionibus
1388 721 1523 826 respou-

396 843 484 934 dere,
500 844 786 914 commendabilem
804 843 994 913 fidelitatem
1011 852 1044 912 et
1059 850 1156 932 grata
1171 845 1313 915 seruioia
1340 863 1400 914 seu
1432 847 1524 916 obae-

294 1017 304 1035 ,
397 951 474 1038 quia
488 949 569 1021 dieti
598 952 768 1040 Johauuis,
800 972 863 1038 que
894 950 989 1020 nohis
1018 950 1053 1020 iu
1083 947 1224 1020 diuersis
1255 951 1520 1039 expedicionihus

398 1058 503 1148 Regni
519 1060 623 1128 nostri
637 1067 704 1127 mm
721 1058 931 1144 generalibus
947 1077 1044 1142 quam
1060 1059 1310 1146 partioularibus
1326 1058 1478 1128 exhibuit
1491 1067 1521 1127 st

398 1163 558 1252 inpendit,
574 1165 788 1244 attendentes,
804 1166 1014 1253 volentesque
1031 1165 1134 1235 eidem
1149 1187 1210 1253 pro
1225 1173 1273 1234 tot
1288 1172 1320 1234 et
1336 1166 1440 1234 tantis
1458 1187 1521 1236 ser·

396 1273 504 1360 uieijs,
520 1272 631 1359 Regiis
646 1291 816 1342 ooourrere
831 1270 1004 1362 donatiuis,
1020 1293 1217 1359 quamquam
1233 1271 1332 1361 plura
1348 1273 1521 1361 etpoeiora

398 1387 581 1466 mereretur,
598 1379 632 1448 in
648 1377 822 1464 aliqualem
839 1386 947 1448 tamen
958 1379 1519 1467 recompensacionemseruiuiorum

395 1507 535 1577 suorum,
568 1495 601 1556 et
616 1489 759 1557 maxime
774 1507 833 1573 pro
848 1495 951 1556 morte
965 1487 1081 1556 Jaeobi
1099 1487 1208 1555 iratris
1224 1488 1286 1573 sui,
1318 1487 1442 1556 dietum
1459 1496 1519 1556 ter·

395 1613 465 1661 ram
483 1593 571 1664 Zeelr
587 1614 659 1663 eum
677 1593 826 1664 omuibus
841 1592 1034 1663 utilitatibus
1050 1593 1128 1683 suis,
1144 1593 1268 1681 prelato
1283 1591 1433 1661 Johanni
1457 1595 1522 1663 filio

394 1700 546 1790 Nyoolay
561 1699 717 1784 dedimus,
749 1699 944 1769 donauimus
961 1707 995 1768 et
1009 1699 1203 1770 eontulimus
1218 1697 1282 1768 sihi
1298 1705 1332 1767 et
1362 1719 1425 1786 per
1448 1719 1518 1768 auur

394 1811 463 1880 suis
480 1807 653 1877 heredibus
669 1803 889 1891 heredumque
905 1826 1036 1875 suorum
1052 1805 1297 1875 rueeossoribus
1311 1806 1384 1876 iure
1409 1827 1519 1896 perpe

393 1923 447 1984 tuo
462 1922 496 1985 et
511 1914 767 1984 hueuooabiliter
777 1914 912 2002 pauifiee
922 1914 1164 2001 possidendam.
1180 1913 1394 1983 Insinuamus
1405 1923 1522 2001 umen,

393 2023 482 2108 quod
497 2023 642 2109 prelatus
657 2021 825 2090 lohannes
840 2021 885 2088 ud
900 2023 1078 2094 exereitum
1109 2026 1254 2089 nostrum
1286 2021 1422 2088 raoione
1450 2043 1519 2110 pro·

392 2129 459 2198 iate
475 2136 558 2199 terre
574 2130 685 2199 uenire
700 2136 859 2217 teneatur,
875 2129 961 2197 sieut
970 2131 1070 2198 ueteri
1080 2128 1207 2197 nobiles
1217 2127 1251 2196 iu
1261 2129 1376 2213 Regno
1387 2129 1515 2218 liudga-

393 2236 441 2308 rie
457 2239 644 2308 existentes.
668 2238 835 2306 Wolumus
848 2231 962 2323 eniam,
977 2237 1064 2321 quod
1081 2242 1271 2325 prenotatus
1287 2235 1459 2306 lohannes
1484 2239 1515 2307 iu
1588 2245 1591 2336 J

379 2347 564 2432 ¹preaeuoia
580 2343 799 2415 Parroohialis
814 2343 948 2414 domitis
964 2344 1006 2412 de
1022 2345 1148 2432 Soepus
1164 2363 1222 2432 pro
1239 2351 1385 2432 tempme
1400 2345 1517 2414 eonsti-
1578 2373 1591 2418 ·,

391 2453 469 2520 tutis
484 2451 571 2540 (lgy)
588 2452 623 2521 in
640 2452 759 2521 iudioio
774 2451 1031 2524 astareminime
1047 2460 1206 2540 teneatur,
1221 2451 1285 2522 nisi
1299 2453 1336 2519 in
1346 2453 1518 2522 Preseueia
1590 2523 1591 2544 ξ

391 2560 508 2628 Nostro
523 2560 715 2630 Maiestatis.
739 2561 779 2630 ln
795 2559 887 2630 ouius
903 2560 950 2630 rei
976 2560 1164 2632 memoriam
1179 2559 1435 2646 firmitatemque
1448 2581 1517 2648 per·
1589 2551 1591 2614 ἕ

389 2671 519 2754 petuam
536 2673 701 2754 presentes
718 2668 935 2738 oonoessimus
951 2669 1080 2746 litteras
1096 2666 1262 2757 duppliois
1288 2667 1392 2754 sigilli
1415 2669 1516 2738 nostd

389 2775 566 2844 munimine
580 2778 759 2845 roboratus.
783 2777 902 2846 Datum
918 2796 976 2866 per
991 2796 1108 2846 manus
1123 2777 1321 2846 uenerabilis
1338 2777 1441 2863 patuis
1456 2775 1515 2842 ira
1585 2803 1588 2860 g

391 2883 451 2952 tris
466 2883 619 2971 Anthonij
639 2885 681 2952 de
697 2883 819 2954 Ordine
833 2885 993 2954 Minorem
1008 2885 1071 2968 Dei
1086 2884 1200 2972 grauia
1215 2883 1373 2972 lipiseopi
1388 2883 1515 2952 Gbuua·
1586 2887 1587 2936 Ψ

389 2989 524 3078 diensis,
554 2991 762 3062 Aulenostre
785 2989 1076 3082 Viooilanoellarij‚
1107 2991 1220 3062 dilecti
1236 2997 1268 3062 et
1283 2990 1391 3061 fidelis
1406 2990 1514 3076 nostri,
1584 3059 1585 3062 ,

387 3119 473 3168 annu
488 3099 619 3167 Domini
643 3097 765 3168 Μ’(ΙΟ0
790 3100 1001 3186 nonagesimo
1017 3120 1112 3168 nouo.

388 3297 530 3360 (Eredetie
548 3299 734 3364 bdrhdrtydm
758 3297 878 3364 melyrdl
897 3313 914 3350 a
931 3297 1083 3364 peosttneu
1102 3297 1235 3352 teredine
1253 3299 1338 3350 viirds
1356 3299 1515 3364 aelyemuai-
1580 3293 1582 3314 '

557 3388 648 3441 nbron
669 3389 758 3456 lligg;
790 3389 910 3441 abudai
921 3388 982 3440 loir.
1000 3386 1130 3442 lusmarai
1148 3387 1347 3451 levdltairbau.)
