3160 5200
655 1187 731 1254 lto.

126 1394 157 1456 A
195 1392 297 1455 bardai
336 1387 565 1476 kdplulcaoclc
604 1383 878 1469 biaoayco'pleoele,
919 1386 1002 1469 bopy
1033 1383 1126 1447 Pe‘tcr
1159 1404 1258 1448 comes

131 1499 287 1564 liberat
297 1497 361 1581 flu,
378 1497 446 1560 250
462 1501 547 1556 ezitet
562 1493 640 1575 pira
650 1488 787 1576 feje'beo,
816 1489 980 1575 melycklcel
997 1491 1128 1555 Mdrton
1154 1511 1277 1553 corrues·
1521 1555 1575 1572 „J

128 1602 418 1689 clorcuo'pbc‘rdaulc
450 1599 662 1685 br'rsdplre‘pco
690 1607 849 1677 tartozott,
881 1599 979 1662 erraelc
1001 1597 1085 1662 Udol
1100 1598 1255 1682 helysepet
1363 1633 1364 1636 ¹
1425 1629 1427 1632 ·
1515 1579 1575 1696 ἐξ

504 1705 766 1790 elzdlopoec‘tottu.
791 1705 887 1767 1296.
1570 1699 1575 1706 ''

233 1937 300 2002 Nos
332 1935 514 2020 Capitulum
547 1933 708 1999 Budensis
739 1929 883 1998 Ecclesie
914 1931 1067 2000 memorie
1093 1952 1252 2000 commcn—
1346 1917 1351 1940 '

129 2043 244 2110 dantes
262 2041 482 2124 significamus
497 2039 658 2106 uniuersis
676 2038 879 2123 presencium
897 2059 955 2123 per
980 2046 1134 2125 tenorem,
1167 2041 1255 2125 quod

130 2149 246 2217 (lomes
262 2149 374 2216 Petrus
390 2148 476 2214 lilius
495 2145 671 2233 Tybnrchij
690 2147 722 2211 in
739 2144 842 2212 nostri
858 2148 1028 2230 presencia
1044 2149 1257 2235 personaliter

130 2259 321 2323 constitutus
337 2254 475 2322 asseruit
506 2252 713 2338 proponendo
745 2260 927 2336 spontanea
958 2254 1135 2338 uoluntate,
1168 2255 1257 2338 quod

130 2383 202 2429 oum
234 2363 306 2446 ipse
338 2367 371 2426 et
402 2359 544 2426 Thomas
575 2357 677 2424 irater
709 2378 786 2426 suus
816 2359 902 2426 lilius
929 2362 1062 2429 Comitis
1077 2359 1255 2446 Tyburcbij

130 2468 239 2537 l'ratris
257 2467 307 2532 sui
324 2473 477 2548 tanquam
495 2474 619 2532 actores
639 2486 737 2551 super
769 2466 1047 2536 destruccionibus
1078 2468 1258 2553 possessio·

131 2596 208 2643 num
225 2592 335 2640 eorum
350 2580 383 2640 et
399 2572 476 2656 elijs
492 2572 639 2638 articulis
664 2572 745 2639 satis
762 2572 873 2639 arduis
889 2572 922 2638 in
939 2576 1108 2659 presencia
1124 2575 1257 2643 Comitis

130 2680 263 2746 Martini
282 2679 477 2746 Vieeindicis
494 2676 590 2746 Curie
607 2678 728 2745 domini
743 2680 842 2764 Regis
860 2689 970 2748 contra
1005 2680 1162 2750 Comitem
1195 2683 1259 2748 Do-

131 2789 284 2854 minicum
316 2786 358 2852 de
388 2785 499 2870 Tomy
525 2785 648 2852 dictum
664 2785 705 2851 de
722 2785 891 2868 Vysegrad
908 2805 1039 2852 causum
1059 2787 1261 2872 habuissent,
1309 2825 1310 2828 =

133 2900 167 2961 et
184 2895 288 2978 ipsam
305 2911 438 2959 causam
455 2911 492 2958 eo
510 2890 595 2973 quod
627 2889 731 2957 ardna
761 2888 864 2972 luerit,
897 2890 940 2957 ad
970 2891 1154 2976 Specialem
1186 2895 1261 2959 Pre-

131 3001 278 3069 senciam
309 2997 433 3064 domini
450 2996 579 3063 Andree
595 2994 732 3062 illustris
746 2996 845 3080 Regis
861 2993 1006 3080 Vngeric
1022 2997 1142 3064 domini
1160 2997 1261 3066 nostri

131 3105 355 3187 deduxissent,
371 3110 403 3171 et
413 3111 527 3172 contra
543 3102 681 3170 eundem
699 3103 853 3170 Comitem
869 3103 1073 3172 Dominicum
1090 3105 1154 3192 ipsi
1171 3107 1262 3174 facta

133 3216 269 3282 accione
300 3210 475 3280 secundnm
508 3209 644 3276 sormam
666 3208 783 3294 judicij
802 3209 1019 3280 mediantibus
1036 3212 1257 3281 instrumentis

133 3331 166 3388 et
182 3319 298 3389 litteris
315 3337 411 3402 quem
429 3317 585 3405 pluribus,
603 3315 753 3385 videlicet
770 3319 889 3385 domini
919 3319 1067 3387 Ladizlai
1100 3323 1262 3408 quondam

132 3428 234 3513 Regis
266 3423 408 3507 Vugarie
440 3424 491 3509 pie
522 3423 770 3510 recordacionis,
801 3431 833 3492 et
865 3423 1085 3494 Viceiudicun'r
1118 3427 1261 3498 eiusdem

132 3535 337 3603 diuersorum
369 3532 402 3597 in
433 3531 611 3598 Presencia
650 3531 794 3600 eiusdem
835 3531 959 3599 domini
989 3533 1117 3602 Andree
1149 3537 1261 3622 Regis,

131 3640 338 3729 presentibus
371 3637 472 3705 eciam
507 3637 743 3706 venerabilibus
776 3639 922 3724 patribus
954 3639 1081 3709 domino
1112 3644 1262 3714 lobanne

131 3745 389 3832 Arcbiepiscopo
406 3745 583 3830 Colocensl,
600 3745 730 3811 domino
746 3745 922 3814 Benedicto
953 3749 1112 3835 Episcopo
1146 3751 1261 3820 Waru-

133 3853 253 3940 diensi,
286 3851 455 3919 Dominico
485 3851 645 3936 Magistro
676 3853 932 3920 Tauamleorum
965 3854 1110 3923 eiusdem
1142 3858 1263 3928 domini

131 3963 245 4047 Regis,
261 3959 420 4040 Magistro
436 3957 605 4026 Demetrio
637 3959 762 4026 Gemite
794 3961 836 4026 de
867 3961 990 4047 Zolum,
1022 3963 1178 4048 Magistro
1209 3968 1264 4034 Jo-

133 4071 245 4138 benne
276 4067 341 4134 tilio
358 4064 484 4152 Cbaak,
503 4065 658 4148 Magistro
678 4069 772 4153 lloys
787 4065 855 4135 filio
872 4068 1010 4156 Alberty
1025 4072 1216 4163 Beronibus,
1235 4081 1267 4143 ct

132 4177 213 4261 alijs
228 4172 402 4241 Nobilibus
417 4173 523 4257 Regni
555 4191 653 4255 quam
685 4173 842 4261 pluribus,
876 4175 931 4259 qui
962 4177 1104 4260 predicto
1135 4181 1264 4251 Judicio

132 4283 238 4366 Regio
268 4280 492 4364 interfuerunt,
518 4299 576 4365 per
591 4280 697 4365 ipsum
715 4279 870 4348 Comitem
888 4282 1093 4376 Dominicum
1110 4286 1144 4352 in
1160 4287 1266 4357 forma

132 4390 258 4475 Judicij
278 4387 443 4472 exhibitis,
459 4393 571 4455 contra
604 4386 693 4473 ipsos
725 4389 758 4456 in
790 4395 868 4458 nota
892 4389 1079 4478 calumpnie
1109 4395 1268 4480 legittime

130 4496 276 4566 eonuicti
306 4493 454 4579 fuissent,
471 4514 530 4579 pro
548 4495 680 4583 copula
703 4495 811 4581 ipsam
826 4515 958 4564 causam
974 4499 1007 4564 in
1023 4497 1109 4566 lacto
1126 4500 1269 4571 destruc·

131 4604 240 4673 cionis
271 4601 513 4688 possessionum
556 4620 666 4668 eorum
698 4609 843 4688 tempore
879 4604 983 4690 ipsius
1015 4605 1137 4676 domini
1168 4611 1271 4698 Regis
1346 4639 1350 4649 ¹
1387 4669 1389 4680 ,
1541 4693 1542 4696 ¹
1574 4669 1575 4672 ,

1318 4777 1330 4786 ,
1369 4783 1373 4788 .
1413 4681 1575 4807 „sul

1416 4823 1440 4879 ,f

1540 4483 1575 4524 „s

1542 4521 1575 4606 ²¹3}

1557 4607 1575 4628 ψ.

1572 4631 1575 4652 l
