3248 5206
883 936 936 1004 32.

353 1135 506 1200 Eraac'het
521 1133 740 1220 tirdlyrrdrroh
757 1135 844 1200 Boea
860 1137 891 1200 e'a
905 1109 1019 1219 adepte
1035 1133 1225 1221 helystpeket
1241 1132 1397 1216 torppoad
1407 1130 1488 1196 odo-

492 1246 612 1327 rrrdrryo
627 1240 782 1322 Lethard,
803 1239 986 1307 Omodtnot
993 1241 1046 1323 fio
1063 1245 1224 1325 emmetra,
1246 1238 1343 1306 1270.

388 1437 492 1498 (Huzai
512 1435 721 1501 OkmdnyttrI.
743 1435 829 1486 soson
850 1439 894 1485 48.
914 1436 969 1498 lap.
991 1434 1131 1500 Vdghelyi
1144 1436 1234 1486 Dezsd
1247 1431 1448 1495 hbzIemdnye.)

788 1719 1054 1731 u———u——u

887 2251 938 2318 33.

355 2457 466 2522 Iatodrr
481 2452 710 2518 kalense-toea
725 2450 867 2516 tractent
892 2449 1099 2516 szobodalmo
1125 2450 1388 2534 Rima-Edayo-r'
1413 2473 1487 2514 cerr-
1616 2514 1619 2517 ,

720 2557 812 2644 ddpei
836 2563 994 2624 aadmdra.
1019 2559 1116 2623 1270.

465 2756 649 2841 Stephanus
680 2757 742 2822 Dei
759 2755 873 2840 gracia
900 2754 1086 2822 (dolocensis
1103 2761 1136 2821 et
1161 2754 1349 2822 Baehiensis
1376 2755 1489 2822 Archi·

356 2863 539 2951 episcopus,
556 2863 639 2930 Aule
655 2864 756 2946 Regio
772 2860 996 2930 cancellarius
1006 2861 1169 2932 vniuersis
1181 2867 1348 2946 presentes
1357 2862 1488 2930 litteras

358 2969 553 3059 inspecturis
584 2971 721 3038 salutem
754 2970 788 3034 in
820 2969 968 3037 Domino.
1001 2968 1053 3034 Ad
1078 2969 1301 3036 uniuersorum
1331 2971 1489 3037 noticiam
1521 2970 1525 2978 “

357 3081 475 3148 harum
493 3079 577 3144 serie
608 3077 759 3145 volumus
790 3079 976 3164 peruenire,
1008 3075 1094 3160 quod
1126 3077 1273 3145 omnibus
1303 3077 1490 3164 hospitibus

357 3186 474 3256 nostris
506 3187 540 3252 in
556 3187 637 3252 villa
652 3185 746 3251 Bana
777 3185 1047 3252 commorantibus
1072 3183 1157 3250 hanc
1177 3183 1323 3268 graciam
1338 3185 1491 3254 duximus

358 3293 553 3377 faciendam,
571 3292 657 3376 quod
673 3293 716 3359 ab
734 3294 821 3358 omni
837 3292 982 3378 collecta,
998 3311 1061 3376 que
1078 3311 1136 3376 pro
1152 3296 1314 3361 communi
1331 3289 1493 3361 descensu

231 3475 237 3488 ¹
357 3405 392 3469 in
423 3400 724 3486 Rymoa-Zumhota
755 3400 825 3466 fieri
857 3401 1033 3484 consueuit,
1064 3402 1131 3468 siut
1162 3401 1290 3486 penitus
1323 3400 1419 3467 liberi
1455 3409 1490 3470 et

357 3505 511 3594 exempti,
523 3515 554 3572 et
564 3507 671 3573 nullus
687 3506 876 3573 officialium
893 3516 1076 3576 nostrorum
1094 3509 1183 3594 ipsos
1200 3509 1345 3592 hospites
1360 3513 1492 3576 nostros

359 3634 416 3700 pro
448 3615 521 3699 ipsa
552 3612 687 3679 collecta
719 3622 887 3699 presumat
918 3617 1100 3682 molestare.
1130 3617 1181 3682 Ita
1197 3624 1306 3682 tamen
1323 3615 1409 3700 quod
1425 3617 1491 3702 ipsi
1609 3687 1613 3695 ,

358 3723 502 3806 hospites
520 3720 622 3787 nostri
640 3740 806 3786 numerum
821 3720 1034 3807 johagionnm
1047 3729 1078 3789 et
1089 3723 1290 3791 mansionum
1308 3731 1493 3792 nostrorum

358 3832 401 3897 oh
416 3827 606 3896 fidelitatem
638 3827 731 3894 nobis
749 3827 890 3896 debitam
907 3833 1081 3896 teneantur
1111 3837 1333 3914 augmentare.
1351 3832 1492 3899 Conces-

358 3941 463 4006 simns
474 3937 587 4025 eciam,
604 3941 762 4005 vtomnes
778 3940 978 4023 cumuloues,
996 3938 1050 4025 qui
1068 3939 1101 4002 in
1119 3941 1281 4008 ueteribus
1296 3939 1493 4009 aurifodiuis

359 4063 503 4112 crescere
535 4051 781 4129 consueuerant,
814 4046 878 4131 ipsi
894 4042 1038 4132 hospites
1059 4048 1162 4114 nostri
1178 4069 1217 4115 ao
1234 4068 1345 4116 eorum
1360 4067 1494 4116 sucees-

358 4172 449 4221 sores
466 4152 621 4238 colligere
648 4154 773 4237 possint
804 4154 941 4238 pacifice
962 4154 996 4221 in
1027 4164 1217 4242 perpetuum
1232 4161 1267 4224 et
1297 4157 1416 4245 quiete,
1433 4178 1496 4227 neo
1608 4138 1613 4146 ’

361 4262 451 4345 ipsos
483 4260 601 4344 aliquis
633 4260 825 4328 officialium
843 4267 1039 4351 nostrorum,
1056 4271 1113 4331 aut
1129 4265 1234 4332 eciam
1249 4263 1290 4332 ds
1306 4264 1496 4334 custodibus

359 4368 516 4434 siluarum
534 4372 718 4436 nostrarum
734 4369 865 4436 racione
898 4369 1103 4440 tumulosum
1136 4371 1351 4458 predictorum
1383 4393 1496 4458 presu-

361 4486 429 4542 mat
460 4475 641 4562 molestare,
672 4483 729 4544 aut
744 4476 787 4543 de
812 4482 918 4545 cetero
950 4479 985 4545 in
1001 4481 1114 4563 aiiqno
1146 4480 1301 4566 inpedire.
1333 4480 1375 4547 Vt
1391 4482 1498 4566 igitur

358 4579 556 4666 supradictis
575 4581 757 4669 hospitibus
773 4585 891 4654 nostris
909 4585 970 4653 heo
985 4609 1007 4655 a
1022 4588 1117 4656 nobis
1132 4587 1222 4658 sacta
1240 4590 1353 4674 gracia
1386 4587 1493 4658 inuio·
