3194 5196
603 995 681 1068 tot.

7 1171 8 1238 3
76 1197 123 1266 As
137 1199 209 1288 epri
231 1197 458 1288 kdptoianaair
473 1195 752 1284 biaonysdqlenele,
767 1199 850 1284 bopy
872 1187 993 1261 iissirloo
1015 1187 1201 1260 Iristidnoir

7 1327 9 1388 ζ
66 1310 116 1394 fio
131 1307 164 1375 a
180 1303 386 1374 erdektdrsoi
402 1305 570 1394 Morpuea
585 1302 770 1370 birtokuiot
786 1303 917 1370 eladssk
933 1303 1004 1370 Aba
1014 1303 1199 1387 nenzstsep-

402 1415 463 1482 beli
478 1413 571 1480 Peter
585 1411 756 1479 comeonsis.
781 1407 880 1477 1299.

181 1607 339 1678 Omnibus
371 1605 491 1677 Christi
520 1605 669 1676 fidelibus
702 1611 769 1676 tam
793 1604 1000 1692 presentibus
1029 1625 1127 1690 quern
1149 1609 1201 1676 fu-

75 1715 156 1786 turis
171 1735 305 1811 presens
319 1714 473 1801 seriptum
497 1712 688 1802 inspeoturis
713 1711 902 1798 capitulum
932 1714 1077 1783 iieotesie
1106 1715 1201 1803 Agri·
1297 1771 1302 1779 .

6 1827 23 1892 1.
75 1826 162 1894 ensis
184 1824 321 1894 satutem
337 1822 370 1889 in
386 1822 526 1891 omniurn
544 1822 718 1889 saluatore.
733 1820 787 1886 Ad
808 1819 1032 1889 uniuersorum
1047 1823 1200 1890 notiniam

6 1955 18 2010 ,n
74 1941 187 2002 boore
207 1931 409 2020 presencium
434 1929 582 1999 volumus
611 1927 809 2018 peruenire:
832 1927 919 2012 quod
949 1927 1100 2015 Nyeolao
1129 1929 1199 1998 dlio

6 2039 8 2108 i
73 2039 201 2126 Irislsi3
224 2039 302 2106 item
332 2036 433 2124 notk,
463 2034 618 2104 Ladizlsn
651 2041 683 2102 et
697 2033 822 2103 Juoobo
837 2033 914 2121 dlijs
929 2033 1051 2121 ansd,
1067 2038 1122 2122 qui
1139 2057 1198 2124 pro

71 2169 108 2228 se
123 2153 159 2218 et
173 2166 233 2234 pro
247 2147 345 2216 Petro
368 2163 409 2213 no
431 2143 598 2231 Stephano
635 2141 789 2210 fratribus
819 2161 929 2211 eorum
949 2152 1200 2230 eomparuerunt

6 2271 8 2336 ζ
73 2275 114 2326 ex
127 2274 196 2326 vna
210 2259 323 2342 porte;
344 2250 388 2319 ab
404 2249 511 2319 altera
525 2270 603 2320 vero
620 2246 743 2318 (inmite
774 2249 872 2318 Petro
902 2249 969 2318 filio
1000 2251 1132 2340 Georgij
1156 2251 1198 2319 de

6 2369 10 2426 i
72 2382 191 2452 genere
219 2362 294 2430 Aba
322 2379 431 2428 eorum
468 2358 564 2430 nobis
595 2356 810 2446 personaliter
840 2358 1043 2447 eonstitutis;
1076 2357 1196 2448 prefati

72 2470 238 2556 Nyeotsus
253 2474 286 2536 et
300 2467 359 2555 diij
384 2466 436 2535 sni
466 2471 701 2554 proposuerunt
725 2467 803 2536 rina
817 2485 906 2554 rone,
923 2465 1008 2552 quod
1024 2467 1197 2552 quemdem

5 2563 7 2614 ³
71 2584 194 2648 tsrrsm
225 2595 338 2645 eorurn
367 2573 544 2660 aquisitnm
575 2573 735 2658 Morgunu
764 2580 912 2642 vooaunr
927 2574 962 2642 in
978 2573 1142 2646 comitatu
1157 2576 1199 2645 de

71 2685 176 2754 Serus
191 2677 387 2782 nistean
402 2679 447 2750 sd
462 2699 500 2750 se
514 2679 603 2750 solos
613 2685 829 2769 spectantem,
854 2699 927 2747 oum
955 2681 1115 2752 uniuersis
1139 2687 1198 2753 vti·
1321 2723 1323 2728 ·

5 2791 6 2796 ’
68 2790 222 2860 titstibos
246 2794 280 2856 et
294 2787 506 2876 pertiuenoiJs
521 2787 599 2867 suis,
623 2788 683 2855 sub
708 2784 830 2854 eisdem
846 2786 942 2855 eertis
959 2788 1053 2857 metis
1068 2796 1102 2858 et
1115 2792 1199 2858 suti·

69 2901 154 2988 quis,
190 2897 310 2985 qubus
339 2896 405 2982 ipsi
436 2894 661 2983 possederunt,
686 2893 910 2964 vendidissent
936 2900 970 2964 et
986 2893 1199 2966 tradidissent

65 3006 188 3097 ‚eydesu
202 3007 318 3076 (inniti
333 3003 430 3074 Petro
447 3023 506 3094 pro
520 3003 668 3072 duoentis
684 3006 803 3072 mareis
819 3001 947 3086 argenti
962 2999 1059 3090 plene
1088 3023 1198 3092 reeep-

68 3117 116 3186 tis
144 3116 190 3183 ab
219 3111 342 3201 eodem,
371 3112 435 3182 sibi
464 3119 499 3182 ot
512 3110 580 3180 snis
612 3109 792 3198 heredibus,
823 3109 1042 3197 heredumque
1066 3131 1197 3184 snorum

69 3221 314 3292 sueoessoribus
329 3224 486 3308 perpetuo
510 3217 742 3306 possidendam
771 3225 804 3287 et
834 3217 1030 3289 habendam.
1059 3219 1102 3287 lit
1131 3221 1198 3291 tta·

5 3399 7 3402 .
69 3331 175 3416 sister
204 3327 382 3418 Dyonisins
397 3327 543 3398 doninus
573 3326 674 3397 irater
687 3325 790 3413 ipsius
805 3324 943 3412 Nyeolsi
957 3346 1018 3414 pro
1032 3345 1069 3398 se
1084 3334 1117 3396 et
1138 3350 1199 3416 pro

5 3459 15 3486 ,·
64 3435 195 3506 anobo
226 3434 293 3503 tilio
329 3453 400 3522 suo,
431 3434 509 3504 item
538 3429 655 3521 Synka
682 3431 771 3500 filius
802 3431 926 3500 'ibone
956 3439 1214 3508 eommstoneus·

5 3586 14 3598 -
70 3542 220 3614 eiusdem
247 3549 333 3613 terre
362 3563 474 3612 eoram
490 3541 584 3612 nobis
621 3539 838 3626 Personuliter
853 3539 1017 3610 constituti
1032 3539 1107 3611 huie
1121 3565 1198 3613 ren-

6 3691 7 3694 *
60 3651 194 3722 ⁴(iioioni
208 3657 242 3720 et
258 3649 421 3740 empoioui
436 3651 566 3737 pienum
598 3667 790 3720 oomensnrn
821 3650 1018 3735 prebuerunt
1033 3655 1065 3719 et
1086 3669 1198 3722 assen-

65 3779 154 3830 sum.
168 3759 308 3846 Insuper
322 3757 551 3843 obligauerunt
571 3775 608 3828 se
641 3756 720 3825 dieti
751 3755 920 3844 Nyootaus
936 3763 968 3826 et
990 3755 1049 3825 tilii
1079 3758 1141 3848 sui,
1158 3783 1198 3832 ao

66 3865 235 3956 predictos
257 3865 377 3935 iratres
400 3861 587 3950 eorundem,
611 3872 645 3933 et
670 3863 809 3934 heredes
827 3881 915 3950 suos,
938 3863 1117 3951 predictum
1137 3865 1198 3938 (io-

5 3979 6 3986 ’
63 3977 180 4045 saitem
202 3975 333 4042 Petrum
364 3981 398 4044 et
428 3970 567 4046 heredes
598 3971 743 4042 eiusdem
773 3971 944 4042 uniuersos
974 3973 1018 4042 ab
1048 3975 1198 4047 omnibns
1285 4042 1289 4055 ,

57 4083 203 4154 :racione
232 4083 378 4152 eiusdem
409 4091 496 4152 terre
527 4081 674 4169 inpetere
689 4079 878 4170 nitentibus,
895 4088 1003 4167 preter
1019 4080 1198 4155 Omodenur

56 4192 264 4281 Palatinum,
283 4187 511 4263 defenderent
531 4188 686 4277 expedire
717 4187 859 4277 proprijs
888 4189 1056 4260 laboribus
1087 4213 1198 4262 eorum

67 4308 102 4369 et
118 4301 281 4389 expensis.
299 4299 339 4366 In
354 4299 447 4368 ouius
471 4317 530 4386 roy
546 4296 766 4367 testimonium
783 4295 826 4367 ad
845 4297 1037 4367 instantiam
1052 4301 1198 4386 paroiunr

66 4413 237 4498 presentes
253 4407 449 4478 eontulirnns
463 4405 564 4493 sigffli
579 4405 682 4476 nostri
701 4405 879 4475 munimine
894 4407 1071 4478 roboratas.
1122 4407 1214 4477 Pre'

66 4516 215 4585 sentibus
230 4521 341 4584 tamon
356 4511 515 4602 Magistro
541 4510 690 4585 Johanne
720 4513 869 4600 Lectore,
899 4512 1022 4604 Mydon
1055 4514 1199 4588 Custode
1337 4569 1346 4582 .

64 4613 245 4712 Berisidop
260 4619 302 4693 de
331 4622 488 4712 Sumbun,
519 4620 663 4712 Symnne
678 4623 763 4725 doni
780 4621 899 4716 castri,
915 4625 1049 4698 biberto
1064 4621 1106 4698 de
1122 4625 1199 4698 Bor·

167 4755 278 4810 sewu.
291 4757 375 4810 ms.
389 4759 460 4812 mss.
477 4765 518 4790 ··
536 4755 611 4806 utra
626 4757 694 4804 uss·
1045 4735 1090 4812 tl
