3162 5200
825 337 985 434 ‚..¹.l.⁰..

342 530 492 598 omnibus
507 531 775 620 expedicionibus
793 533 895 618 Regni
910 531 1012 612 notui
1029 533 1204 600 cumomni
1230 531 1388 599 fidelitate
1414 551 1467 597 ex·

342 637 446 705 hibuit
460 648 492 705 et
508 639 666 727 inpendit,
699 653 907 710 memoratam
924 649 1041 708 terram
1059 647 1203 708 nostram
1222 642 1325 708 Bezeu
1367 644 1465 708 nomi-

340 750 461 832 natam,
497 767 568 814 cum
585 749 650 816 suis
676 749 869 817 utilitatibus
902 755 934 816 et
966 750 1175 835 pertinenoijs
1206 751 1376 833 uniuersis,
1408 750 1467 817 sub

342 853 435 920 metis
452 859 485 920 et
503 857 649 924 terminis
665 856 882 942 infrascriptis
907 858 1130 942 prenominato
1161 856 1282 924 Jacobo
1309 857 1469 940 dedimus,

341 959 533 1031 donauimus
551 972 583 1031 et
600 962 790 1033 tradidimus
808 967 880 1033 inre
896 973 1051 1052 perpetuo
1084 972 1115 1032 et
1147 967 1180 1030 in
1213 965 1295 1032 tilios
1327 965 1466 1032 filiorum

341 1071 574 1154 possidendam
591 1075 712 1159 pariter
729 1081 760 1140 et
776 1072 970 1143 habendam.
1006 1076 1092 1142 Mete
1123 1081 1231 1140 autem
1261 1081 1293 1139 et
1326 1073 1466 1159 termini,

341 1176 457 1260 quibus
474 1177 588 1245 eadem
605 1188 692 1247 terra
708 1180 812 1247 Baaen
829 1188 948 1249 uocata
964 1181 1005 1247 ab
1022 1181 1097 1264 alijs
1129 1181 1224 1248 terris
1256 1180 1375 1248 nostris
1408 1182 1466 1246 cir-

341 1285 583 1374 eumlimitatur,
616 1289 725 1356 taliter
739 1290 944 1376 explicantur
959 1316 966 1356 :
984 1289 1092 1356 Primo
1117 1289 1231 1376 incipit
1261 1289 1293 1354 in
1326 1287 1465 1372 quodam

340 1394 419 1477 loco,
452 1395 507 1461 vbi
524 1394 657 1479 quidam
672 1397 789 1465 fluuius
806 1396 956 1464 Chabrad
982 1403 1115 1466 uocatus
1146 1395 1233 1463 cadit
1264 1396 1299 1461 in
1329 1396 1465 1462 fluuium

341 1503 466 1569 Zethna
482 1505 690 1590 nominatum,
716 1505 770 1572 ubi
787 1505 819 1570 in
838 1506 950 1574 eodem
966 1506 1064 1572 fluuio
1082 1505 1233 1573 Chabrad
1250 1503 1341 1573 vadit
1366 1524 1464 1590 supra

287 1681 295 1690 ,
341 1629 454 1677 rrersus
470 1609 637 1697 orientem,
655 1619 686 1677 et
703 1632 759 1697 per
776 1612 912 1679 eundem
930 1612 974 1679 ad
990 1613 1110 1680 bonum
1121 1612 1268 1698 spacium
1279 1612 1312 1676 in
1325 1611 1463 1694 quodam

342 1719 410 1785 loeo
427 1721 495 1784 exit
510 1717 552 1784 ad
568 1726 694 1805 partem
711 1720 953 1787 meridionalem
972 1719 1012 1787 de
1029 1722 1154 1804 eodem,
1188 1726 1219 1786 ct
1235 1720 1280 1789 ibi
1298 1725 1373 1786 sunt
1403 1718 1464 1784 due

340 1834 426 1894 mete
442 1835 563 1912 terroe3
590 1827 707 1894 abhinc
724 1828 892 1913 pergendo
907 1827 951 1894 ad
967 1826 1103 1896 eandem
1121 1829 1252 1912 plagam
1272 1823 1464 1893 meridiona-

342 1936 404 2002 lem
420 1954 478 2020 per
495 1935 660 2020 quandam
677 1935 853 2022 planiciem
879 1937 981 2020 ligeth
1015 1941 1162 2004 uocatam
1193 1933 1299 2017 iungit
1330 1933 1460 2000 fluuium

340 2046 484 2112 Jezeneu
501 2043 711 2131 nominatum,
729 2050 761 2111 et
776 2045 820 2112 ibi
837 2054 913 2112 sunt
928 2045 991 2113 dua
1008 2048 1220 2127 mateterree3
1239 2041 1358 2107 abhinc
1369 2061 1463 2126 super

341 2151 456 2220 eodem
471 2153 568 2220 finnio
585 2152 750 2236 egreditur
767 2173 878 2221 uersus
896 2153 1059 2238 orientem,
1090 2158 1122 2217 ct
1137 2150 1241 2218 cundo
1256 2169 1315 2235 per
1347 2150 1462 2216 bonnm

341 2260 486 2346 spacium
504 2261 572 2328 exit
588 2261 631 2328 ad
648 2268 770 2347 partam
796 2261 1041 2328 meridionalem
1074 2261 1114 2327 de
1146 2259 1270 2346 eadem,
1303 2260 1358 2325 vbi
1390 2267 1462 2325 sunt

340 2368 488 2438 similiter
504 2369 567 2436 duo
584 2378 668 2436 meto
682 2376 805 2451 terree3
829 2369 947 2437 deindo
963 2369 1109 2456 procedit
1133 2367 1239 2435 adbuc
1255 2367 1295 2434 ad
1331 2366 1461 2433 eandem

340 2485 465 2562 partem
484 2477 737 2567 meridionalem,
755 2484 786 2545 et
801 2476 1054 2562 pertranseundo
1071 2477 1234 2562 quandam
1251 2476 1368 2543 siluam
1396 2493 1461 2559 per·

341 2585 430 2651 uenit
446 2584 489 2652 ad
506 2605 656 2671 eampum
673 2605 882 2671 nyrcsmeceu
899 2589 1057 2672 uocatum,
1090 2585 1145 2651 ubi
1160 2586 1193 2650 in
1226 2582 1332 2650 medio
1364 2582 1461 2668 ipsius

341 2694 448 2782 campi
464 2700 539 2760 aunt
556 2693 617 2760 doe
633 2702 716 2760 mete
734 2693 847 2777 t'errce,
875 2701 907 2760 et
924 2694 970 2760 ibi
987 2695 1163 2761 reflectitur
1178 2711 1294 2761 uersus
1320 2691 1460 2758 occiden-

341 2811 416 2887 tem,
443 2809 475 2870 ct
491 2802 688 2868 transeundo
707 2804 853 2890 peruenit
869 2800 912 2869 ad
943 2803 1105 2886 quendam
1137 2801 1242 2869 locum
1275 2798 1463 2885 Bakathyas

339 2915 509 2991 crocatum;
535 2908 654 2975 deindo
671 2911 776 2976 aurudo
809 2910 914 2994 iungit
945 2910 1085 2976 rinulnm
1118 2909 1256 2992 Zathka,
1290 2907 1346 2972 ubi
1376 2908 1464 2972 iuxta

341 3019 446 3102 ipsum
463 3018 697 3084 riuulumsnnt
722 3018 786 3085 dne
817 3026 903 3084 mete
935 3026 1057 3097 terree3
1081 3024 1112 3084 et
1143 3017 1188 3083 ihi
1219 3015 1402 3098 regreditur
1433 3017 1461 3080 in

341 3124 453 3194 eodem
470 3126 575 3194 riuulo
592 3145 703 3194 uersus
721 3127 898 3212 meridiem,
930 3133 962 3194 et
986 3127 1152 3214 pergendo
1185 3127 1218 3192 in
1251 3124 1364 3194 eodem
1397 3124 1463 3208 ipse

339 3235 466 3302 riunlus
482 3233 569 3301 eadit
586 3234 619 3299 in
636 3235 768 3302 fluuium
784 3235 940 3322 chtyce
972 3233 1182 3316 nominatum,
1215 3233 1269 3300 ubi
1301 3239 1376 3300 sunt
1408 3231 1464 3297 due

340 3348 424 3408 mete
440 3348 560 3424 terree3
574 3349 607 3408 et
622 3342 655 3407 in
673 3343 745 3427 ipso
761 3343 860 3410 fluuio
870 3341 1000 3409 Zuetieo
1011 3341 1053 3406 ad
1065 3340 1225 3408 modicum
1237 3338 1463 3407 descendendo

341 3449 408 3517 exit
424 3446 468 3513 ad
485 3448 725 3516 meridionalem
744 3457 869 3536 partem
886 3450 927 3516 de
944 3449 1068 3535 codem,
1101 3461 1134 3516 et
1151 3448 1194 3512 ihi
1210 3453 1285 3514 sunt
1302 3446 1365 3513 dne
1383 3453 1463 3514 mate

342 3565 464 3640 terreo,
490 3556 608 3624 abhinc
639 3577 736 3644 snper
760 3557 899 3641 quodam
918 3555 1043 3624 modico
1060 3556 1166 3623 riuulo
1184 3557 1226 3622 ad
1242 3556 1378 3623 eandem
1393 3556 1458 3641 pla·

341 3686 417 3750 gam
434 3664 539 3733 eundo
557 3667 623 3734 exit
639 3667 680 3732 de
697 3664 809 3733 eodem
826 3684 936 3734 versus
954 3664 1160 3746 occidentem,
1178 3673 1210 3731 et
1226 3664 1273 3730 ibi
1299 3671 1375 3731 sunt
1400 3664 1460 3728 dne

342 3779 426 3841 mete
451 3780 572 3856 tenea
600 3772 717 3840 deinde
749 3771 792 3839 ad
825 3771 962 3840 eandem
995 3773 1130 3858 plagam
1162 3771 1339 3858 pertransit
1370 3790 1463 3836 vnum

341 3900 499 3965 campum,
532 3887 565 3947 et
581 3881 728 3966 peruasit
745 3880 788 3945 ad
819 3880 938 3946 siluam
968 3901 1066 3948 unam
1098 3877 1272 3966 Kemeuylr
1306 3885 1461 3957 uocatam,

342 3991 433 4056 iuxta
449 4008 545 4072 quam
563 3989 683 4056 siluam
701 3993 775 4056 sunt
793 3987 855 4054 due
871 3995 956 4055 mete
972 3995 1098 4072 terreo,
1113 3988 1229 4054 deinde
1240 3987 1346 4053 adhuc
1357 4003 1463 4052 uersus

342 4097 540 4163 occidentem
558 4097 649 4163 iuxta
665 4097 770 4182 ipsam
787 4096 905 4163 siluam
923 4095 1028 4163 eundo
1046 4095 1134 4161 uenit
1149 4095 1191 4160 ad
1208 4095 1289 4160 fines
1301 4092 1462 4160 cniusdam
1574 4097 1576 4182 ἐ

343 4204 459 4291 campi,
477 4206 531 4270 ubi
547 4209 622 4272 sunt
638 4206 701 4270 due
719 4211 801 4271 mete
818 4211 943 4288 torree;
969 4200 1130 4289 pereundo
1147 4202 1189 4271 ab
1207 4203 1279 4287 ipso
1296 4203 1364 4267 loeo
1394 4218 1462 4283 per-

341 4312 457 4378 transit
473 4311 641 4394 quandam
660 4313 777 4378 siluam
809 4331 957 4398 paruam,
990 4317 1021 4376 et
1052 4311 1157 4394 iungit
1189 4329 1287 4377 vnum
1319 4325 1461 4392 campum

344 4437 491 4506 paruum,
519 4423 551 4486 in
569 4441 631 4506 quo
649 4427 723 4488 sunt
739 4418 802 4485 due
820 4426 903 4487 mete
931 4425 1055 4502 torreo,
1081 4417 1199 4484 abhinc
1231 4409 1462 4502 progrediendo

345 4548 403 4613 par
418 4529 538 4598 siluam
556 4529 643 4597 eadit
659 4529 693 4594 in
710 4549 807 4596 vnum
824 4529 965 4594 rirrulum
982 4527 1113 4594 Zathha
1130 4533 1294 4610 uocatum,
1322 4525 1376 4590 rbi
1391 4529 1461 4589 sunt

345 4636 385 4704 de
402 4644 485 4707 mete
501 4646 622 4720 tarrea;
645 4638 679 4704 in
696 4658 759 4722 quo
776 4637 906 4720 quidem
924 4637 1031 4704 riuulo
1057 4633 1282 4702 dcscendendo
1315 4631 1401 4700 eadit
1429 4631 1460 4694 in
