3162 5200
708 325 715 332 ·
808 343 968 464 nr.

316 561 452 646 ¹reniret
469 569 501 626 et
517 561 648 630 eederet
663 559 696 626 iu
712 559 847 629 fluuium
867 597 1145 615 -----
1162 562 1370 633 ascendendo
1396 585 1455 648 per

329 669 436 754 ipsum
452 669 584 736 fluuium
601 688 712 736 versus
729 669 881 738 orientem
898 669 1026 736 veniret
1033 669 1076 736 ad
1092 707 1129 719 -
1149 707 1193 720 --
1209 705 1252 720 -·-
1270 709 1371 720 —-—
1389 697 1454 757 -3

245 791 247 796 ’
328 777 403 845 inde
418 776 543 844 veniret
559 777 601 844 ud
616 778 800 862 mattarii
825 775 943 845 fluuius
973 776 1209 861 Mauhubiuae;
1232 778 1309 846 inde
1339 798 1456 848 aseen-

326 885 417 952 deret
434 904 491 971 per
507 884 645 952 eundem
663 905 777 958 versus
808 884 976 954 meridiem
1006 889 1039 954 in
1070 907 1092 971 p
1108 923 1332 940 -----
1339 929 1388 956 ,-
1414 927 1453 940 -

291 1077 294 1086 Ι
327 1004 429 1074 mete;
453 993 530 1060 inde
546 991 693 1062 tenderet
707 1013 765 1081 per
782 995 920 1064 eundem
936 995 1023 1062 viam
1038 1015 1154 1063 versus
1171 998 1338 1084 orientem,
1353 1034 1397 1046 -
1409 1037 1454 1049 --

256 1115 261 1122 '
326 1137 369 1150 -
388 1137 424 1148 -
446 1140 489 1152 -
506 1107 616 1169 essent
632 1109 734 1183 mete3
752 1109 784 1169 et
798 1101 845 1169 ibi
860 1103 985 1170 reniret
1000 1103 1044 1170 ad
1060 1103 1153 1188 elpes
1169 1123 1306 1188 magnas
1321 1105 1377 1172 vbi
1393 1115 1458 1173 ter-

330 1207 515 1278 minaretur.
538 1211 612 1295 Ipse
642 1208 752 1292 itaque
782 1210 932 1279 dominus
962 1209 1137 1278 Ladislaus
1154 1251 1197 1262 —
1214 1248 1256 1260 -
1276 1249 1312 1260 -
1334 1252 1378 1264 -
1395 1214 1456 1298 filij

328 1313 593 1385 undecennium
609 1324 729 1384 terrum
745 1319 876 1405 Nousyr
892 1319 953 1387 sub
969 1319 1089 1387 eisdem
1115 1319 1210 1386 metis
1231 1357 1265 1369 -
1288 1357 1330 1367 -
1350 1359 1390 1369 —
1417 1361 1454 1371 —-

326 1461 369 1476 -
386 1425 481 1492 dibus
497 1447 554 1513 pro
571 1428 761 1496 oonuambio
777 1435 864 1494 terre
880 1448 938 1496 sue
955 1427 1122 1496 Chermele
1137 1428 1171 1494 in
1189 1437 1383 1514 perpetuum
1401 1432 1457 1496 de-

326 1533 426 1602 uisset
441 1541 473 1602 et
489 1534 686 1602 eontulisset.
703 1536 764 1604 stb.
802 1536 921 1604 Datum
953 1538 985 1604 in
1018 1537 1047 1604 Ζ
1058 1571 1344 1588 -----
1360 1538 1458 1606 falna

325 1639 486 1710 tricesimo
503 1648 617 1728 quarto
634 1643 687 1710 die
703 1645 832 1711 termini
849 1644 1009 1731 prenotati
1025 1665 1113 1714 annu
1129 1643 1260 1711 Domini
1276 1645 1454 1715 millesimo

325 1749 643 1834 quadringentesimo
659 1752 836 1822 mueeimo.

327 1949 468 2008 (Eredetie
486 1951 615 2018 pepinum,
634 1952 700 2018 igen
719 1952 898 2018 megrongelt
916 1952 1100 2018 tilapotban5
1127 1967 1145 2004 a
1163 1951 1247 2003 budrii
1272 1951 1327 2004 kir.
1357 1951 1457 2003 kama-

754 2042 797 2093 rai
815 2040 1011 2106 levtltrtrben.)

762 2329 1020 2342 ›vn—*un-

324 3068 387 3134 IV.
419 3069 534 3136 Lrirzlo'
565 3069 741 3155 kircilynak
765 3069 931 3159 Depoput‚
957 3071 1098 3136 Damasi
1122 3073 1155 3136 ta
1171 3069 1457 3157 Malaaiftlcleket

324 3181 483 3266 trr'ryyazo
498 3179 685 3264 adomdnya
704 3179 817 3246 Ldrzlo
833 3181 1015 3264 etatergarnr'
1026 3183 1161 3267 propert
1176 3185 1336 3246 radmor-n.
1349 3181 1456 3247 1277.

430 3373 601 3443 Ladialaus
643 3375 706 3443 Dei
734 3375 847 3459 grauia
880 3375 1054 3460 Hungarie,
1088 3376 1267 3462 Dalmaeie,
1299 3375 1454 3465 Groeoie,
1533 3457 1537 3464 Ι

322 3483 433 3567 Reme,
465 3482 587 3569 Seruis,
618 3481 766 3570 Gallicis,
798 3481 997 3565 Lodomerie,
1032 3483 1188 3550 Cumanie
1227 3483 1454 3569 Buigurieque

323 3589 392 3654 Rex
422 3589 571 3659 omnibus
603 3591 721 3659 Christi
743 3591 897 3660 fidelibus
911 3598 1080 3677 presentes
1106 3590 1228 3659 litteras
1254 3594 1458 3679 inspecturis

322 3699 459 3767 salutem
491 3699 524 3765 in
556 3701 699 3767 omnium
740 3701 915 3768 saluatore.
948 3699 999 3766 Ad
1030 3699 1251 3768 vniuersorum
1292 3701 1455 3770 noticiam

322 3807 437 3874 harum
453 3807 537 3875 serie
553 3810 703 3876 uolumus
721 3809 903 3894 peruenire,
929 3805 1016 3891 quod
1034 3805 1194 3875 discretus
1210 3809 1260 3877 nir
1290 3809 1456 3892 Magister

322 3913 497 3982 Ladinluus
513 3915 699 4000 Propositus
715 3915 948 3999 strigoniensis
965 3914 1102 3982 dileutus
1129 3924 1161 3982 et
1190 3915 1296 3986 fidelis
1327 3924 1458 4002 noster,

322 4022 398 4090 oiim
415 4022 544 4090 domino
560 4023 639 4089 Bele
655 4043 717 4090 uuo
733 4029 853 4108 nostro,
870 4028 902 4089 et
918 4022 1123 4108 postmodum
1140 4024 1270 4093 domino
1281 4023 1456 4112 Stephano

321 4131 495 4198 karissimo
511 4130 598 4218 patri
613 4137 730 4213 nostro,
744 4131 888 4216 Regibus
905 4130 1091 4199 inolitarum
1106 4132 1381 4217 recordationum,
1410 4154 1457 4200 aa

322 4239 451 4306 demum
468 4238 561 4306 nobis
579 4239 613 4304 in
630 4238 770 4306 diuersis
788 4244 820 4306 et
834 4237 946 4306 multis
963 4237 1068 4322 Regni
1083 4239 1185 4306 nostri
1201 4239 1354 4325 negoeijs‚
1380 4248 1456 4306 tam

322 4347 356 4412 in
371 4347 495 4434 Regno,
511 4365 608 4431 quam
625 4353 717 4412 extra
733 4347 880 4429 Regnum
897 4354 929 4413 et
945 4347 1133 4433 specialiter
1149 4347 1182 4412 in
1194 4345 1458 4416 GurieRomaua

321 4452 424 4524 ardua
439 4475 567 4539 semper
591 4454 695 4538 Regni
726 4454 827 4522 nostri
857 4453 997 4540 negocia
1028 4453 1258 4540 promouendo,
1290 4463 1387 4540 grata
1418 4463 1459 4524 et

321 4561 452 4630 diuersa
466 4561 606 4628 seruicia
622 4579 693 4627 eum
711 4561 797 4628 omni
815 4559 975 4630 fidelitate
991 4559 1455 4647 laudabiliterimpendisset3

321 4687 379 4740 uus
395 4675 525 4754 propter
540 4667 645 4753 ipsius
662 4668 858 4752 obsequiosa
882 4670 998 4736 merita
1030 4675 1062 4736 et
1093 4668 1266 4738 meritoria.
1289 4669 1454 4757 obsequia
