3102 5196
560 917 637 984 292·

46 1118 228 1200 boemenia,
258 1117 489 1186 Draieotcioak
505 1119 633 1203 lodoyco,
665 1115 781 1181 Lerina
811 1111 987 1178 dalmatiai
1017 1111 1164 1196 seiqeten,

46 1231 140 1312 nequit
155 1228 186 1292 te
203 1226 347 1292 birtoko't
354 1223 541 1314 felajdolju
556 1250 577 1290 o
595 1225 693 1290 Lissa
708 1223 851 1309 oziqettn
859 1221 961 1307 solenti
976 1242 1018 1284 oz.
1044 1217 1164 1284 Miletos

408 1333 664 1400 monrostoruiuuk.
688 1332 785 1395 1281.

137 1531 174 1594 ln
205 1528 328 1598 Christi
357 1530 488 1597 nomine
527 1547 632 1597 umen.
667 1529 762 1596 Anno
794 1525 984 1594 Natiuitatis
1015 1523 1160 1591 eiusdem

47 1635 199 1704 millesimo
236 1638 459 1707 ducentesimo
501 1636 721 1723 octuagesimo
753 1633 868 1722 primo,
900 1633 954 1700 die
984 1633 1060 1700 lune
1091 1632 1160 1700 XV.

47 1744 170 1812 intrante
209 1749 335 1816 mensis
376 1746 566 1814 Decembris
598 1765 683 1813 none
714 1743 918 1810 indiuoionis.
949 1740 1164 1828 Temporibus
1212 1731 1213 1734 ¹

7 1839 9 1844 ¹
48 1852 161 1939 lgneglj
176 1855 238 1922 viri
254 1853 380 1922 domini
395 1853 556 1922 lobannis
571 1852 715 1920 Dandoli
738 1849 798 1918 Dei
810 1849 926 1936 groela
942 1847 1046 1918 incliti
1065 1847 1162 1915 Duois

48 1959 250 2050 tenerrimum,
282 1963 482 2031 venerabilis
515 1961 619 2047 patris
651 1958 774 2028 domini
801 1957 942 2027 Simonis
966 1958 1029 2023 Dei
1045 1957 1159 2042 gracie

49 2067 184 2136 lorensis
210 2070 386 2158 Episcopi3
409 2077 442 2138 et
471 2068 626 2138 nobilium
658 2068 798 2135 virorum
831 2065 1032 2134 dominorum
1062 2064 1161 2132 blanel

7 2221 9 2264 3
50 2173 155 2243 Dulbni
179 2178 287 2248 Ferae
305 2188 337 2248 et
354 2178 514 2246 Bruohiue
530 2177 715 2262 Potestutis‚
732 2196 771 2244 ue
786 2175 918 2244 Henrioi
935 2173 1074 2240 Zanteui
1092 2173 1162 2240 eius

7 2341 8 2344 ,
51 2280 232 2373 Οοηεῦἰειτί];
248 2307 311 2356 neo
327 2307 392 2354 non
408 2287 569 2354 Johumris
584 2292 618 2354 et
628 2283 775 2371 Gnidosij
794 2283 985 2352 Ferensium
1001 2280 1162 2350 tudinum.

7 2439 8 2442 ,
51 2383 167 2457 iusticie
196 2395 287 2462 ruoio
320 2395 463 2482 postulet
497 2402 529 2462 et
545 2394 688 2482 requirit,
720 2400 756 2461 nt
782 2391 951 2461 laudabile
967 2388 1161 2458 desiderium

7 2587 9 2598 y
52 2497 161 2566 rotinus
177 2505 395 2589 prosequetur
411 2503 553 2589 effeetus,
564 2501 965 2585 etquodbonavoluntate
981 2497 1163 2585 suscipitur,

7 2641 8 2648 κ
52 2601 142 2687 dignis
170 2609 437 2679 ordinuoionibus
468 2613 675 2696 compleatur.
707 2609 848 2694 Ideoque
864 2608 908 2676 ad
922 2626 1080 2676 summam
1098 2625 1161 2672 me·

54 2712 169 2781 moniam
186 2725 217 2784 et
231 2719 281 2788 rei
299 2726 391 2804 geste
407 2718 603 2804 firmitatem,
620 2717 682 2785 hoo
698 2737 831 2805 presens
851 2715 1018 2785 oonlioitur
1048 2717 1164 2783 instru-

54 2829 177 2890 mentum
195 2849 203 2907 ;
218 2826 360 2908 qualiter
391 2843 549 2893 consensu
566 2830 598 2891 et
613 2825 779 2893 voluntate
794 2823 901 2892 tooius
916 2822 1164 2890 communitatis

53 2925 184 3000 lunensis
201 2933 387 3002 Draodoste
402 2933 472 3001 filia
487 2933 648 3018 quondam
665 2933 817 3001 Draieote
832 2931 1017 3002 voluntarie
1048 2931 1164 2998 obtulit

54 3041 207 3108 sesomire
223 3064 298 3110 oum
328 3042 478 3110 omnibus
509 3041 578 3111 suis
610 3041 782 3110 mobilibus
813 3047 846 3108 et
861 3039 1077 3107 immobilibus
1097 3048 1162 3108 toto

7 3193 8 3204 ,
54 3145 179 3230 tempore
195 3151 260 3218 uite
277 3170 346 3237 sue,
363 3149 516 3218 videlicet
532 3171 606 3218 eum
622 3149 762 3235 quedam
780 3149 1001 3236 peculatore,
1026 3167 1091 3232 que
1115 3153 1164 3213 est

54 3247 81 3314 in
94 3253 168 3341 loeo,
199 3260 255 3342 qui
287 3258 406 3327 dieitur
436 3257 619 3345 Pisoopate‚
635 3257 833 3326 Monusterio
847 3255 959 3324 Sunoti
974 3253 1104 3324 Nioolei
1122 3255 1163 3321 do

7 3443 9 3450 Α
54 3355 142 3426 Lisso.
157 3363 262 3442 Quum
277 3366 425 3452 peooiam
441 3372 526 3433 terre
542 3365 629 3433 idem
644 3365 878 3433 Monasterinm
895 3386 916 3431 a
930 3366 1076 3451 presenti
1108 3363 1163 3432 die

56 3461 182 3537 inantea
196 3467 331 3562 hebeat,
357 3479 477 3559 teneat,
496 3474 665 3560 possideat
679 3475 713 3541 in
730 3481 941 3561 perpetuum5
964 3469 1000 3540 iu
1017 3493 1057 3542 ee
1074 3479 1107 3540 et
1122 3493 1163 3540 ux

7 3621 8 3626 κ
26 3571 30 3588 ’
55 3589 87 3637 ta
99 3576 295 3684 quidcunque
310 3582 373 3651 sibi
390 3581 550 3670 plaouerit
565 3581 664 3651 laoiut
679 3589 740 3651 ete.

250 3783 372 3844 OEenleti
391 3782 540 3848 Illyricum
557 3784 674 3836 eaerum
692 3783 741 3838 IV.
760 3784 820 3836 kun.
841 3785 901 3834 248.
916 3782 946 3844 1.)

464 4073 731 4086 w-
